% Encoding: UTF-8

@inproceedings{p3cluster-mape2017,
 author = {Vassiliades, Vassilis and Chatzilygeroudis, Konstantinos and Mouret, Jean-Baptiste},
 title = {A Comparison of Illumination Algorithms in Unbounded Spaces},
 booktitle = {Proceedings of the Genetic and Evolutionary Computation Conference Companion},
 series = {GECCO '17},
 year = {2017},
 isbn = {978-1-4503-4939-0},
 location = {Berlin, Germany},
 pages = {1578--1581},
 numpages = {4},
 url = {http://doi.acm.org/10.1145/3067695.3082531},
 doi = {10.1145/3067695.3082531},
 acmid = {3082531},
 publisher = {ACM},
 address = {New York, NY, USA},
 keywords = {MAP-elites, behavioral diversity, illumination algorithms, novelty search, quality diversity},
} 

@article{p3cvt-mape2016,
  author    = {Vassilis Vassiliades and
               Konstantinos I. Chatzilygeroudis and
               Jean{-}Baptiste Mouret},
  title     = {Scaling Up MAP-Elites Using Centroidal Voronoi Tessellations},
  journal   = {CoRR},
  volume    = {abs/1610.05729},
  year      = {2016},
  url       = {http://arxiv.org/abs/1610.05729},
  archivePrefix = {arXiv},
  eprint    = {1610.05729},
  timestamp = {Mon, 13 Aug 2018 16:48:10 +0200},
  biburl    = {https://dblp.org/rec/bib/journals/corr/VassiliadesCM16},
  bibsource = {dblp computer science bibliography, https://dblp.org}
}

@online{p3brewer2016a,
  author="Brewer, Nathan",
  title="{{Going Rogue: A Brief History of the Computerized Dungeon Crawl}}",
  url="{{https://insight.ieeeusa.org/articles/going-rogue-a-brief-history-of-the-computerized-dungeon-crawl/}}",
  note="(2016, July 7)",
}

@Misc{p3applemanor,
  author    = {Don Worth},
  title     = {{Beneath Apple Manor}},
  year      = {1978},
  publisher = {{}The Software Factory}},
}

@Misc{p3pedit5,
  author    = {Rusty Rutherford},
  title     = {{pedit5, alternately called The Dungeon}},
  year      = {1975},
  publisher = {{Population and Energy Group}},
}

@Misc{p3mcmillen_binding_2011,
	title = {The {Binding} of {Isaac}},
	author = {McMillen, E. and Himsl, F.},
	year = {2011}
}

@Misc{p3brewer2016b,
    author="Brewer, Nathan",
  title="{{Going Rogue: A Brief History of the Computerized Dungeon Crawl}}",
  url="https://insight.ieeeusa.org/articles/going-rogue-a-brief-history-of-the-computerized-dungeon-crawl/",
    note={accessed 2019, March 20},
}

@electronic{p3brewer2016,
 author   = "Brewer, Nathan",
 title     = {{Going Rogue: A Brief History of the Computerized Dungeon Crawl}},
 url       = "https://insight.ieeeusa.org/articles/going-rogue-a-brief-history-of-the-computerized-dungeon-crawl/"
}

@book{p3rollings-adams,
	Author = {Andrew Rollings and Ernest Adams},
	Isbn = {1-5927-3001-9},
	Publisher = {{New Riders Publishing}},
	Title = {{Andrew Rollings and Ernest Adams on Game Design}},
	Year = {2003}
}
	
@book{p3batemanboon,
	Author = {Chris Bateman and Richard Boon},
	Isbn = {1-58450-429-3},
	Publisher = {{Charles River Media}},
	Title = {{21st Century Game Design}},
	Year = {2006}
}

@book{p3totten2017,
	Author = {Christopher W. Totten},
	Isbn = {978-1-1386-2880-9},
	Publisher = {{CRC Press}},
	Title = {{Level Design: Processes and Experiences}},
	Year = {2017}
}
	
	

@book{p3barton08dad,
	Author = {Barton, Matt},
	Date-Added = {2016-05-19 20:10:18 +0000},
	Date-Modified = {2016-05-19 20:10:18 +0000},
	Howpublished = {Hardcover},
	Isbn = {1568814119},
	Publisher = {{A K Peters Ltd}},
	Title = {{Dungeons and Desktops: The History of Computer Role-playing Games}},
	Year = {2008}}

@inproceedings{p3Khalifa2018,
  author       = {Khalifa, Ahmed and Lee, Scott and Nealen, Andy and Togelius, Julian},
  title        = {Talakat: Bullet hell generation through constrained map-elites},
  booktitle    = {Proceedings of The Genetic and Evolutionary Computation Conference},
  year         = {2018},
  pages        = {1047--1054},
  organization = {ACM},
}

@article{p3Mouret2015,
  author  = {Mouret, Jean-Baptiste and Clune, Jeff},
  title   = {Illuminating search spaces by mapping elites},
  journal = {arXiv preprint arXiv:1504.04909},
  year    = {2015},
}

@article{p3Vassiliades2018,
  author    = {Vassiliades, Vassilis and Chatzilygeroudis, Konstantinos and Mouret, Jean-Baptiste},
  title     = {Using centroidal voronoi tessellations to scale up the multidimensional archive of phenotypic elites algorithm},
  journal   = {IEEE Transactions on Evolutionary Computation},
  year      = {2018},
  volume    = {22},
  number    = {4},
  pages     = {623--630},
  publisher = {IEEE},
}

@inproceedings{p3Vassiliades2017,
  author    = {Vassiliades, Vassilis and Chatzilygeroudis, Konstantinos and Mouret, Jean-Baptiste},
  title     = {A Comparison of Illumination Algorithms in Unbounded Spaces},
  booktitle = {Proceedings of the Genetic and Evolutionary Computation Conference Companion},
  year      = {2017},
  series    = {GECCO '17},
  pages     = {1578--1581},
  address   = {New York, NY, USA},
  publisher = {ACM},
  acmid     = {3082531},
  doi       = {10.1145/3067695.3082531},
  isbn      = {978-1-4503-4939-0},
  keywords  = {MAP-elites, behavioral diversity, illumination algorithms, novelty search, quality diversity},
  location  = {Berlin, Germany},
  numpages  = {4},
  url       = {http://doi.acm.org/10.1145/3067695.3082531},
}

@article{p3Liapis2016,
  author  = {Liapis, Antonios and Yannakakis, Georgios N and Alexopoulos, Constantine and Lopes, Phil},
  title   = {Can Computers Foster Human Users' Creativity? Theory and Praxis of Mixed-Initiative Co-Creativity},
  journal = {Digital Culture \& Education},
  year    = {2016},
  volume  = {8},
  number  = {2},
  pages   = {136--153},
}

@book{p3Yannakakis2018,
  title     = {Artificial intelligence and games},
  publisher = {Springer},
  year      = {2018},
  author    = {Yannakakis, Georgios N and Togelius, Julian},
  volume    = {2},
}

@article{p3Yannakakis2015,
  author    = {Yannakakis, Georgios N and Togelius, Julian},
  title     = {A panorama of artificial and computational intelligence in games},
  journal   = {IEEE Transactions on Computational Intelligence and AI in Games},
  year      = {2015},
  volume    = {7},
  number    = {4},
  pages     = {317--335},
  publisher = {IEEE},
}

@Misc{p3braben_elite_1984,
  author    = {Braben, D. and Bell, I.},
  title     = {Elite},
  year      = {1984},
  publisher = {Acornsoft},
}

@Misc{p3michael_toy_1980,
  author    = {Toy, M.},
  title     = {Rogue},
  year      = {1980},
  publisher = {Epyx},
}

@inproceedings{p3Alvarez2018,
  author    = {Alvarez, Alberto and Dahlskog, Steve and Font, Jose and Holmberg, Johan and Nolasco, Chelsi and \"{O}sterman, Axel},
  title     = {Fostering Creativity in the Mixed-initiative Evolutionary Dungeon Designer},
  booktitle = {Proceedings of the 13th International Conference on the Foundations of Digital Games},
  year      = {2018},
  series    = {FDG '18},
  pages     = {50:1--50:8},
  address   = {New York, NY, USA},
  publisher = {ACM},
  acmid     = {3235815},
  articleno = {50},
  doi       = {10.1145/3235765.3235815},
  isbn      = {978-1-4503-6571-0},
  keywords  = {game design patterns, mixed-initiative design, procedural content generation},
  location  = {Malm\&ouml;, Sweden},
  numpages  = {8},
  url       = {http://doi.acm.org/10.1145/3235765.3235815},
}

@inproceedings{p3Alvarez2018a,
  author    = {Alvarez, Alberto and Dahlskog, Steve and Font, Jose and Holmberg, Johan and Johansson, Simon},
  title     = {Assessing Aesthetic Criteria in the Evolutionary Dungeon Designer},
  booktitle = {Proceedings of the 13th International Conference on the Foundations of Digital Games},
  year      = {2018},
  series    = {FDG '18},
  pages     = {44:1--44:4},
  address   = {New York, NY, USA},
  publisher = {ACM},
  acmid     = {3235810},
  articleno = {44},
  doi       = {10.1145/3235765.3235810},
  isbn      = {978-1-4503-6571-0},
  keywords  = {evolutionary algorithms, mixed-initiative design, procedural content generation},
  location  = {Malm\&ouml;, Sweden},
  numpages  = {4},
  url       = {http://doi.acm.org/10.1145/3235765.3235810},
}

@inproceedings{p3Baldwin2017,
  author    = {Baldwin, Alexander and Dahlskog, Steve and Font, Jose M. and Holmberg, Johan},
  title     = {Towards Pattern-based Mixed-initiative Dungeon Generation},
  booktitle = {Proceedings of the 12th International Conference on the Foundations of Digital Games},
  year      = {2017},
  series    = {FDG '17},
  pages     = {74:1--74:10},
  address   = {New York, NY, USA},
  publisher = {ACM},
  acmid     = {3110572},
  articleno = {74},
  doi       = {10.1145/3102071.3110572},
  isbn      = {978-1-4503-5319-9},
  keywords  = {evolutionary algorithms, game design patterns, mixed-initiative design, procedural content generation},
  location  = {Hyannis, Massachusetts},
  numpages  = {10},
  url       = {http://doi.acm.org/10.1145/3102071.3110572},
}

@book{p3shaker2016procedural,
  title={Procedural content generation in games},
  author={Shaker, Noor and Togelius, Julian and Nelson, Mark J},
  year={2016},
  publisher={Springer}
}

@inproceedings{p3Baldwin2017a,
  author    = {A. {Baldwin} and S. {Dahlskog} and J. M. {Font} and J. {Holmberg}},
  title     = {Mixed-initiative procedural generation of dungeons using game design patterns},
  booktitle = {Proc. IEEE Conf. Computational Intelligence and Games (CIG)},
  year      = {2017},
  pages     = {25--32},
  month     = aug,
  doi       = {10.1109/CIG.2017.8080411},
  issn      = {2325-4289},
  keywords  = {computer games, genetic algorithms, object-oriented programming, game design patterns, Procedural Content Generation, mixed-initiative level generation tools, Evolutionary Dungeon Designer, mixed-initiative dungeon design tool, generated rooms, design pattern-related input parameters, game levels, treasures, enemies, fitness function, genetic algorithm, Games, Genetic algorithms, Algorithm design and analysis, Sociology, Statistics, Tools, Generators, Procedural Content Generation, Evolutionary Algorithms, Game Design Patterns, Dungeons},
}

@article{p3Togelius2011,
  author   = {J. {Togelius} and G. N. {Yannakakis} and K. O. {Stanley} and C. {Browne}},
  title    = {Search-Based Procedural Content Generation: A Taxonomy and Survey},
  journal  = {IEEE Transactions on Computational Intelligence and AI in Games},
  year     = {2011},
  volume   = {3},
  number   = {3},
  pages    = {172--186},
  month    = sep,
  issn     = {1943-068X},
  doi      = {10.1109/TCIAIG.2011.2148116},
  keywords = {computer graphics, evolutionary computation, search problems, search-based procedural content generation, evolutionary algorithm, metaheuristic search algorithm, Games, Algorithm design and analysis, Optimization, Evolutionary computation, Encoding, Weapons, Buildings, Computer graphics, design automation, evolutionary computation, genetic algorithms},
}

@inproceedings{p3shaker2012evolving,
  author    = {Shaker, N. and Yannakakis, G. N. and Togelius, J. and Nicolau, M. and O'neill, M.},
  title     = {Evolving Personalized Content for Super Mario Bros Using Grammatical Evolution.},
  booktitle = {AIIDE},
  year      = {2012},
}

@inproceedings{p3hastings_evolving_2009,
  author    = {Hastings, E. J. and Guha, R. K. and Stanley, K. O.},
  title     = {Evolving content in the {Galactic} {Arms} {Race} video game},
  booktitle = {2009 {IEEE} {Symposium} on {Computational} {Intelligence} and {Games}},
  year      = {2009},
  month     = sep,
  doi       = {10.1109/CIG.2009.5286468},
  keywords  = {Arm, Artificial neural networks, augmenting topologies algorithm, computer games, content-generating neuroevolution, Costs, evolutionary computation, galactic arms race video game, games, human computer interaction, Machine learning, Marine vehicles, particle system weapons, Streaming media, Topology, video signal processing, Weapons},
}

@inproceedings{p3Liapis2014,
  author    = {A. {Liapis} and G. N. {Yannakakis} and J. {Togelius}},
  title     = {Designer modeling for Sentient Sketchbook},
  booktitle = {Proc. IEEE Conf. Computational Intelligence and Games},
  year      = {2014},
  pages     = {1--8},
  month     = aug,
  doi       = {10.1109/CIG.2014.6932873},
  issn      = {2325-4289},
  keywords  = {CAD, interactive systems, pattern recognition, user interfaces, designer modeling, sentient sketchbook, computer-aided level design tool, computer-generated suggestions, choice-based interactive evolution, visual patterns, Adaptation models, Games, Computational modeling, Visualization, Sociology, Statistics, Load modeling},
}

@inproceedings{p3Green2018,
  author    = {Green, Michael Cerny and Barros, Gabriella A. B. and Liapis, Antonios and Togelius, Julian},
  title     = {DATA Agent},
  booktitle = {Proceedings of the 13th International Conference on the Foundations of Digital Games},
  year      = {2018},
  series    = {FDG '18},
  pages     = {19:1--19:10},
  address   = {New York, NY, USA},
  publisher = {ACM},
  acmid     = {3235792},
  articleno = {19},
  doi       = {10.1145/3235765.3235792},
  isbn      = {978-1-4503-6571-0},
  keywords  = {Wikipedia, adventure games, data games, murder mystery, open data, procedural content generation},
  location  = {Malm\&ouml;, Sweden},
  numpages  = {10},
  url       = {http://doi.acm.org/10.1145/3235765.3235792},
}

@Misc{p3dormansUnexplored2017,
  author = {Joris Dormans},
  title  = {Unexplored},
  year   = {2017},
}

@article{p3smith_tanagra:_2011,
  author   = {Smith, G. and Whitehead, J. and Mateas, M.},
  title    = {Tanagra: {Reactive} {Planning} and {Constraint} {Solving} for {Mixed}-{Initiative} {Level} {Design}},
  journal  = {IEEE Transactions on Computational Intelligence and AI in Games},
  year     = {2011},
  volume   = {3},
  number   = {3},
  month    = sep,
  issn     = {1943-068X},
  keywords = {2D platformer, augmented design, computational geometry, computer games, Computers, constraint handling, constraint programming, games, Generators, Geometry, human computer interaction, Human factors, level design, level geometry, mixed initiative, mixed-initiative level design tool, numerical constraint solving, Planning, procedural content generation, reactive level generator, reactive planning, software tools, Tanagra},
}

@inproceedings{p3shaker2013ropossum,
  author    = {Shaker, Noor and Shaker, Mohammad and Togelius, Julian},
  title     = {Ropossum: An Authoring Tool for Designing, Optimizing and Solving Cut the Rope Levels.},
  booktitle = {AIIDE},
  year      = {2013},
}

@inproceedings{p3liapis_generating_2013,
  author    = {Liapis, A. and Yannakakis, G. N. and Togelius, J.},
  title     = {Generating {Map} {Sketches} for {Strategy} {Games}},
  booktitle = {Proceedings of {Applications} of {Evolutionary} {Computation}},
  year      = {2013},
  volume    = {7835, LNCS},
  publisher = {Springer},
}

@inproceedings{p3yannakakis2014micc,
author = {Georgios N. Yannakakis and Antonios Liapis and Constantine Alexopoulos},
title = {Mixed-Initiative Co-Creativity},
booktitle = {Proceedings of the 9th Conference on the Foundations of Digital Games},
year = {2014},
} 

@inproceedings{p3Machado2017,
  author    = {Machado, T and Nealen, A and Togelius, J},
  title     = {Cicero: Computationally intelligent collaborative environment for game and level design},
  booktitle = {3rd workshop on Computational Creativity and Games (CCGW) at the 8th International Conference on Computational Creativity (ICCC’17)},
  year      = {2017},
}

@article{p3Pugh2016,
  author        = {Pugh, Justin K and Soros, Lisa B and Stanley, Kenneth O},
  title         = {Quality diversity: A new frontier for evolutionary computation},
  journal       = {Frontiers in Robotics and AI},
  year          = {2016},
  volume        = {3},
  pages         = {40},
  __markedentry = {[ag6505:]},
  publisher     = {Frontiers},
}

@article{p3Kimbrough2008,
  author        = {Kimbrough, Steven Orla and Koehler, Gary J and Lu, Ming and Wood, David Harlan},
  title         = {On a Feasible--Infeasible Two-Population (FI-2Pop) genetic algorithm for constrained optimization: Distance tracing and no free lunch},
  journal       = {European Journal of Operational Research},
  year          = {2008},
  volume        = {190},
  number        = {2},
  pages         = {310--327},
  __markedentry = {[ag6505:6]},
  publisher     = {Elsevier},
}

@Comment{jabref-meta: databaseType:bibtex;}
