@Misc{civilization,
  author = {{Firaxis Games} and Meier, Sid},
  title  = {\emph{Civilization IV}},
  year   = {2005},
  Month = {October},
  Day = {25},
    Howpublished = {Game [PC]},
  Note = {2K Games, California, US. Last played November 2009.},
  publisher = {{2K Games}}
}

@Misc{legGrim2,
  author = {{Almost Human}},
  title  = {\emph{Civilization IV}},
  year   = {2014},
  Month = {October},
  Day = {15},
    Howpublished = {Game [PC]},
  Note = {Almost Human, Espoo, Finland},
  publisher = {{Almost Human}}
}

@misc{mario,
      Address = {Kyoto, Japan},
      Author = {{Nintendo R\&D1} and {Intelligent Systems}},
      Day = {13},
      Howpublished = {Game [SNES]},
      Month = {September},
      Note = {Nintendo, Kyoto, Japan. Last played August 2020.},
      Publisher = {Nintendo},
      Title = {\emph{Super Mario Bros.}},
      Year = {1985}}

@Misc{dwarfFortress,
  author = {Adams, Tarn and Adams, Zach},
  title  = {\emph{Dwarf Fortress}},
  year   = {2006},
  Day = {8},
  Month = {August},
    Howpublished = {Game [PC]},
  Note = {Last played December 2013.},
  publisher = {{Bay 12 Games} and {Kitfox Games}}
}

@Misc{BW2,
  author = {{Lionhead Studios}},
  title  = {\emph{Black \& White 2}},
  year   = {2005},
  Month = {November},
  Day = {4},
    Howpublished = {Game [PC]},
  Note = {Electronic Arts, California, US. Last played March 2016.},
  publisher = {{Electronic Arts}}
}


@Misc{Unexplored,
  author = {Dormans, Joris and {Ludomotion}},
  title  = {\emph{Unexplored}},
  year   = {2017},
    Howpublished = {Game [PC]},
  Note = {Ludomotion, Amsterdam, Netherlands. Last played June 2020.},
  publisher = {{Ludomotion}}
}

@misc{bindingISAAC,
	title = {\emph{The {Binding} of {Isaac}}},
	author = {McMillen, Edmund and Himsl, Florian},
	year = {2011},
	 Howpublished = {Game [PC]},
  Note = {McMillen, Edmund and Himsl, Florian, California, US. Last played March 2020.},
  publisher = {McMillen, Edmund and Himsl, Florian}
}

@Misc{stardewvalley,
Address = {California, US},
Author = {Barone, Eric and {ConcernedApe}},
  title     = {\emph{Stardew Valley}},
  year      = {2016},
    Howpublished = {Game [PC]},
  Note = {Chucklefish, London, UK. Last played January 2018.},
  publisher = {{Chucklefish} and {ConcernedApe}}
}

@Misc{elite,
  author    = {Braben, D. and Bell, I.},
  title     = {\emph{Elite}},
  year      = {1984},
  Howpublished = {Game [BBC Micro and Acorn Electron]},
  	Note = {Acornsoft, Cambridge, UK. Last played February 2012.},
  publisher = {Acornsoft}
}

@Misc{rogue,
  author    = {Toy, M.},
  title     = {\emph{Rogue}},
  year      = {1980},
  Howpublished = {Game [PC]},
  	Note = {Epyx, San Francisco, US. Last played November 2017.},
  publisher = {Epyx}
}

@misc{undertale,
	Author = {Fox, Toby},
	Keywords = {Digital Game},
	Publisher = {Fox, Toby},
	Title = {\emph{Undertale}},
	Note = {Fox Toby, Boston, US, Last played December 2018.},
	Howpublished = {Game [PC]},
	Year = {2015}}

@misc{tloz,
	Author = {{Nintendo R\&D4}},
	Keywords = {Digital Game},
	Publisher = {Nintendo},
	Howpublished = {Game [NES]},
	Title = {\emph{The Legend of Zelda}},
	Note = {Nintendo, Kyoto, Japan. Last played December 2017.},
	Year = {1986}}


@misc{aidungeon,
	title = {\emph{AI Dungeon 2}},
	author = {Walton, Nicholas},
	Howpublished = {Game [PC]},
	Note = {Latitude Inc.Last played April 2020.},
	year = {2019}
}

@misc{spelunky,
Address = {California, US},
Author = {Yu, Derek and {Mossmouth, LLC}},
Day = {21},
Howpublished = {Game [PC]},
Month = {December},
Note = {Mossmouth, California, US. Last played December 2019.},
Publisher = {Mossmouth, LLC},
Title = {\emph{Spelunky}},
Year = {2008}
}

@misc{minecraft,
Address = {Stockholm, Sweden},
Author = {{Mojang Studios}},
Day = {17},
Howpublished = {Game [PC]},
Month = {May},
Note = {Microsoft Studios, Washington, US. Last played October 2019.},
Publisher = {Microsoft Studios},
Title = {\emph{Minecraft}},
Year = {2009}
}

@misc{nomansky,
Address = {Guildford, United Kingdom},
Author = {{Hello Games}},
Day = {09},
Howpublished = {Game [PC]},
Month = {August},
Note = {Sony Interactive Entertainment, Tokyo, Japan. Last played March 2017.},
Publisher = {Sony Interactive Entertainment},
Title = {\emph{No Man's Sky}},
Year = {2016}
}

@misc{supermetroid,
      Address = {Kyoto, Japan},
      Author = {{Nintendo R\&D1} and {Intelligent Systems}},
      Day = {18},
      Howpublished = {Game [SNES]},
      Month = {April},
      Note = {Nintendo, Kyoto, Japan. Last played August 2011.},
      Publisher = {Nintendo},
      Title = {\emph{Super Metroid}},
      Year = {1994}}