@article{Font2016ConstrainedAlgorithms,
    title = {{Constrained level generation through grammar-based evolutionary algorithms}},
    year = {2016},
    journal = {Lecture Notes in Computer Science (including subseries Lecture Notes in Artificial Intelligence and Lecture Notes in Bioinformatics)},
    author = {Font, Jose M. and Izquierdo, Roberto and Manrique, Daniel and Togelius, Julian},
    pages = {558--573},
    volume = {9597},
    isbn = {9783319312033},
    doi = {10.1007/978-3-319-31204-0{\_}36},
    issn = {16113349},
    keywords = {Evolutionary computation, Genetic programming, Procedural content generation}
}

@incollection{p2Shaker2016TheApproach,
    title = {{The search-based approach}},
    year = {2016},
    booktitle = {Procedural Content Generation in Games: A Textbook and an Overview of Current Research},
    author = {Shaker, Noor and Togelius, Julian and Nelson, Mark J.},
    chapter = {2},
    pages = {17--31},
    publisher = {Springer},
    url = {http://link.springer.com/10.1007/978-3-319-42716-4},
    isbn = {978-3-319-42714-0},
    doi = {10.1007/978-3-319-42716-4},
    issn = {1098-6596},
    pmid = {25246403},
    arxivId = {arXiv:1011.1669v3}
}

@inproceedings{p2Baldwin2017Mixed-initiativePatterns,
    title = {{Mixed-initiative procedural generation of dungeons using game design patterns}},
    year = {2017},
    booktitle = {Proceedings of the IEEE Conference on Computational Intelligence and Games, CIG 2017},
    author = {Baldwin, Alexander and Dahlskog, Steve and Font, Jose M. and Holmberg, Johan},
    pages = {25--32},
    isbn = {9781538632338},
    doi = {10.1109/CIG.2017.8080411},
    keywords = {Dungeons, Evolutionary Algorithms, Game Design Patterns, Procedural Content Generation}
}

@misc{p2Maxis2008Spore,
    title = {{Spore}},
    year = {2008},
    author = {{Maxis}}
}

@inproceedings{p2Scirea2017PImprovisation,
    title = {{P R I M A L - I M P R O V : Towards Co-Evolutionary Musical Improvisation}},
    year = {2017},
    booktitle = {Proceedings of the Computer Science {\&} Electronic Engineering Conference (CEEC)},
    author = {Scirea, Marco and Eklund, Peter and Togelius, Julian and Risi, Sebastian},
    pages = {172--177},
    publisher = {IEEE},
    url = {http://ieeexplore.ieee.org/stamp/stamp.jsp?tp=&arnumber=8101620&isnumber=8101585},
    address = {Colchester}
}

@misc{p2Braben1984Elite,
    title = {{Elite}},
    year = {1984},
    author = {Braben, David and Bell, Ian}
}

@inproceedings{p2Holmgard2014EvolvingModeling,
    title = {{Evolving Personas for Player Decision Modeling}},
    year = {2014},
    booktitle = {Proceedings of the Computational Intelligence and Games 2014 (CIG)},
    author = {Holmg{\aa}rd, Christoffer and Liapis, Antonios and Togelius, Julian and Yannakakis, Georgios N.},
    pages = {1--8},
    publisher = {IEEE},
    url = {http://ieeexplore.ieee.org/stamp/stamp.jsp?tp=&arnumber=6932911&isnumber=6932856},
    address = {Dortmund}
}

@misc{p2Toy1980Rogue,
    title = {{Rogue}},
    year = {1980},
    author = {Toy, Michael and Wichman, Glenn and Arnold, Ken and Lane, Jon}
}

@inproceedings{p2Shaker2012EvolvingEvolution,
    title = {{Evolving levels for Super Mario Bros using grammatical evolution}},
    year = {2012},
    booktitle = {Proceedings of the IEEE Conference on Computational Intelligence and Games, CIG 2012},
    author = {Shaker, Noor and Nicolau, Miguel and Yannakakis, Georgios N. and Togelius, Julian and O'Neill, Michael},
    pages = {304--311},
    publisher = {IEEE},
    address = {Granada},
    isbn = {9781467311922},
    doi = {10.1109/CIG.2012.6374170}
}

@inproceedings{p2Hoover2011InteractivelyScaffolding,
    title = {{Interactively evolving harmonies through functional scaffolding}},
    year = {2011},
    booktitle = {Proceedings of the 13th annual conference on Genetic and evolutionary computation - GECCO '11},
    author = {Hoover, Amy K. and Szerlip, Paul A. and Stanley, Kenneth O.},
    number = {Gecco},
    pages = {387--394},
    publisher = {ACM},
    url = {http://portal.acm.org/citation.cfm?doid=2001576.2001630},
    address = {Dublin},
    isbn = {9781450305570},
    doi = {10.1145/2001576.2001630},
    keywords = {accompaniment generation, compositional pattern pro-, cppns, ducing networks, iec, interactive evo-, lutionary computation, music, neat}
}

@inproceedings{p2Baldwin2017TowardsGeneration,
    title = {{Towards pattern-based mixed-initiative dungeon generation}},
    year = {2017},
    booktitle = {Proceedings of the 12th International Conference on the Foundations of Digital Games},
    author = {Baldwin, Alexander and Dahlskog, Steve and Font, Jose M. and Holmberg, Johan},
    pages = {1--10},
    volume = {74},
    publisher = {ACM},
    url = {http://dl.acm.org/citation.cfm?doid=3102071.3110572},
    isbn = {9781450353199},
    doi = {10.1145/3102071.3110572},
    keywords = {-  Applied computing  ->  Computer games, -  Computing methodologies  ->  Search methodologi, -  Software and its engineering  ->  Interactive g, -  Theory of computation  ->  Evolutionary algorit, all or part of, design patterns, evolutionary algorithms, game, mixed-initiative design, or, or hard copies of, permission to make digital, procedural content generation, this work for personal}
}

@inproceedings{p2Liapis2013SentientAuthoring,
    title = {{Sentient sketchbook: Computer-aided game level authoring}},
    year = {2013},
    booktitle = {Proceedings of the 8th International Conference on the Foundations of Digital Games (FDG 2013)},
    author = {Liapis, Antonios and Yannakakis, Georgios N. and Togelius, Julian},
    pages = {213--220},
    url = {http://www.itu.dk/people/anli/mixedinitiative/sentient_sketchbook.pdf%5Cnhttp://www.fdg2013.org/program/papers/paper28_liapis_etal.pdf},
    isbn = {978-0-9913982-0-1},
    keywords = {computer-aided design, elty search, genetic algorithms, level design, nov-, procedural content generation}
}

@article{Zhang2015DrawCompileEvolve:Creations,
    title = {{DrawCompileEvolve: Sparking interactive evolutionary art with human creations}},
    year = {2015},
    journal = {Lecture Notes in Computer Science (including subseries Lecture Notes in Artificial Intelligence and Lecture Notes in Bioinformatics)},
    author = {Zhang, Jinhong and Taarnby, Rasmus and Liapis, Antonios and Risi, Sebastian},
    pages = {261--273},
    volume = {9027},
    isbn = {9783319164977},
    doi = {10.1007/978-3-319-16498-4{\_}23},
    issn = {16113349}
}

@misc{p2Browne2007Yavalath,
    title = {{Yavalath}},
    year = {2007},
    author = {Browne, Cameron},
    url = {ttp://www.cameronius.com/games/yavalath/}
}

@article{Liapis2012AdaptingCreation,
    title = {{Adapting models of visual aesthetics for personalized content creation}},
    year = {2012},
    journal = {IEEE Transactions on Computational Intelligence and AI in Games},
    author = {Liapis, Antonios and Yannakakis, Georgios N. and Togelius, Julian},
    number = {3},
    pages = {213--228},
    volume = {4},
    isbn = {1943-068X VO  - 4},
    doi = {10.1109/TCIAIG.2012.2192438},
    issn = {1943068X},
    keywords = {Computational aesthetics, constrained optimization, experience-driven procedural content generation (E, interactive evolution}
}

@inproceedings{p2Hastings2009GalacticGame,
    title = {{Galactic Arms Race Video Game}},
    year = {2009},
    booktitle = {Proceedings of the IEEE Symposium on Computational Intelligence and Games (CIG09).},
    author = {Hastings, Erin Jonathan and Guha, Ratan K and Member, Life and Stanley, Kenneth O},
    number = {4},
    pages = {245--263},
    volume = {1},
    isbn = {978-1-4244-4814-2},
    doi = {10.1109/CIG.2009.5286468},
    issn = {1943-068X}
}

@misc{p2HelloGames2016NoSky,
    title = {{No Man's Sky}},
    year = {2016},
    author = {{Hello Games}}
}

@inproceedings{p2Machwe2006IntegratingInvestigation,
    title = {{Integrating aesthetic criteria with evolutionary processes in complex, free-form design -- an initial investigation}},
    year = {2006},
    booktitle = {Proceedings of the IEEE International Conference on Evolutionary Computation},
    author = {Machwe, Azahar and Parmee, Ian C.},
    pages = {165--172},
    isbn = {0-7803-9487-9},
    doi = {10.1109/CEC.2006.1688304}
}