@article{Ritchie2007,
    title = {{Some Empirical Criteria for Attributing Creativity to a Computer Program}},
    year = {2007},
    journal = {Minds and Machines},
    author = {Ritchie, Graeme},
    number = {1},
    month = {3},
    pages = {67--99},
    volume = {17},
    url = {https://doi.org/10.1007/s11023-007-9066-2},
    doi = {10.1007/s11023-007-9066-2},
    issn = {1572-8641}
}

@inproceedings{10.1007/11558651_48,
    title = {{From Hunt the Wumpus to EverQuest: Introduction to Quest Theory}},
    year = {2005},
    booktitle = {Proceedings of the Entertainment Computing - ICEC 2005},
    author = {Aarseth, Espen},
    editor = {Kishino, Fumio and Kitamura, Yoshifumi and Kato, Hirokazu and Nagata, Noriko},
    pages = {496--506},
    publisher = {Springer Berlin Heidelberg},
    address = {Berlin, Heidelberg},
    isbn = {978-3-540-32054-8}
}

@inproceedings{Polisciuc2017OnDrawing,
    title = {{On the Role of Aesthetics in Genetic Algorithms Applied to Graph Drawing}},
    year = {2017},
    booktitle = {Proceedings of the Genetic and Evolutionary Computation Conference (GECCO ’17) Companion},
    author = {Polisciuc, Evgheni and Cruz, António and Machado, Penousal and Arrais, Joel P},
    pages = {1713--1720},
    isbn = {9781450349390},
    doi = {10.1145/3067695.3082552},
    keywords = {acm reference format, aesthetics, circular net-, edge bundling, genetic algorithms, graph drawing, work layout}
}

@misc{Raffe2014PersonalizedAlgorithms,
    title = {{Personalized procedural map generation in games via evolutionary algorithms}},
    year = {2014},
    booktitle = {ACM SIGEVOlution},
    author = {Raffe, William L.},
    number = {1},
    pages = {27--28},
    volume = {7},
    url = {http://dl.acm.org/citation.cfm?doid=2661735.2661739},
    doi = {10.1145/2661735.2661739},
    issn = {19318499}
}

@inproceedings{Machwe2005OvercomingDesign,
    title = {{Overcoming Representation Issues when Including Aesthetic Criteria in Evolutionary Design}},
    year = {2005},
    booktitle = {Proceedings of the International Conference o n Computing in Civil Engineering,},
    author = {Machwe, A and Parmee, I and Miles, J},
    number = {0},
    pages = {1--12},
    volume = {44},
    url = {http://dx.doi.org/10.1061/40794(179)56},
    address = {Cancun},
    isbn = {978-0-7844-0794-3},
    doi = {doi:10.1061/40794(179)56},
    keywords = {agents, engineering design, interactive evolutionary design, representation techniques}
}

@inproceedings{Ferreira2014AGames,
    title = {{A multi-population genetic algorithm for procedural generation of levels for platform games}},
    year = {2014},
    booktitle = {Proceedings of the Genetic and evolutionary computation companion - GECCO Comp '14},
    author = {Ferreira, Lucas and Pereira, Leonardo and Toledo, Claudio},
    pages = {45--46},
    url = {http://dl.acm.org/citation.cfm?doid=2598394.2598489},
    isbn = {9781450328814},
    doi = {10.1145/2598394.2598489},
    keywords = {a platform game involves, games, genetic algorithm, guiding an avatar to, jump be-, platform, procedural content generation, super mario bros}
}

@inproceedings{Machwe2006IntegratingInvestigation,
    title = {{Integrating aesthetic criteria with evolutionary processes in complex, free-form design -- an initial investigation}},
    year = {2006},
    booktitle = {Proceedings of the IEEE International Conference on Evolutionary Computation},
    author = {Machwe, a. and Parmee, I.C.},
    pages = {165--172},
    isbn = {0-7803-9487-9},
    doi = {10.1109/CEC.2006.1688304}
}

@inproceedings{Dhaeseleer1992ContextProgramming,
    title = {{Context preserving crossover in genetic programming}},
    year = {1992},
    booktitle = {Proceedings of the First IEEE Conference on Evolutionary Computation. IEEE World Congress on Computational Intelligence},
    author = {D'haeseleer, P.},
    pages = {256--261},
    url = {http://ieeexplore.ieee.org/document/350006/},
    isbn = {0-7803-1899-4},
    doi = {10.1109/ICEC.1994.350006}
}

@article{Liapis2012AdaptingCreation,
    title = {{Adapting models of visual aesthetics for personalized content creation}},
    year = {2012},
    journal = {IEEE Transactions on Computational Intelligence and AI in Games},
    author = {Liapis, Antonios and Yannakakis, Georgios N. and Togelius, Julian},
    number = {3},
    pages = {213--228},
    volume = {4},
    isbn = {1943-068X VO  - 4},
    doi = {10.1109/TCIAIG.2012.2192438},
    issn = {1943068X},
    keywords = {Computational aesthetics, constrained optimization, experience-driven procedural content generation (E, interactive evolution}
}

@article{Zhang2015DrawCompileEvolve:Creations,
    title = {{DrawCompileEvolve: Sparking interactive evolutionary art with human creations}},
    year = {2015},
    journal = {Lecture Notes in Computer Science (including subseries Lecture Notes in Artificial Intelligence and Lecture Notes in Bioinformatics)},
    author = {Zhang, Jinhong and Taarnby, Rasmus and Liapis, Antonios and Risi, Sebastian},
    pages = {261--273},
    volume = {9027},
    isbn = {9783319164977},
    doi = {10.1007/978-3-319-16498-4{\_}23},
    issn = {16113349}
}

@article{Liapis2013SentientRefining,
    title = {{Sentient world: Human-based procedural cartography - An experiment in interactive sketching and iterative refining}},
    year = {2013},
    journal = {Lecture Notes in Computer Science (including subseries Lecture Notes in Artificial Intelligence and Lecture Notes in Bioinformatics)},
    author = {Liapis, Antonios and Yannakakis, Georgios N. and Togelius, Julian},
    pages = {180--191},
    volume = {7834 LNCS},
    isbn = {9783642369544},
    doi = {10.1007/978-3-642-36955-1{\_}16},
    issn = {03029743}
}

@inproceedings{Hastings2009GalacticGame,
    title = {{Galactic Arms Race Video Game}},
    year = {2009},
    booktitle = {Proceedings of the IEEE Symposium on Computational Intelligence and Games (CIG09).},
    author = {Hastings, Erin Jonathan and Guha, Ratan K and Member, Life and Stanley, Kenneth O},
    number = {4},
    pages = {245--263},
    volume = {1},
    isbn = {978-1-4244-4814-2},
    doi = {10.1109/CIG.2009.5286468},
    issn = {1943-068X}
}

@misc{Braben1984Elite,
    title = {{Elite}},
    year = {1984},
    author = {Braben, David and Bell, Ian}
}

@misc{Toy1980Rogue,
    title = {{Rogue}},
    year = {1980},
    author = {Toy, Michael and Wichman, Glenn and Arnold, Ken and Lane, Jon}
}

@misc{Maxis2008Spore,
    title = {{Spore}},
    year = {2008},
    author = {{Maxis}}
}

@misc{HelloGames2016NoSky,
    title = {{No Man's Sky}},
    year = {2016},
    author = {{Hello Games}}
}

@incollection{p2Shaker2016TheApproach,
    title = {{The search-based approach}},
    year = {2016},
    booktitle = {Procedural Content Generation in Games: A Textbook and an Overview of Current Research},
    author = {Shaker, Noor and Togelius, Julian and Nelson, Mark J.},
    chapter = {2},
    pages = {17--31},
    publisher = {Springer},
    url = {http://link.springer.com/10.1007/978-3-319-42716-4},
    isbn = {978-3-319-42714-0},
    doi = {10.1007/978-3-319-42716-4},
    issn = {1098-6596},
    pmid = {25246403},
    arxivId = {arXiv:1011.1669v3}
}

@inproceedings{Liapis2013SentientAuthoring,
    title = {{Sentient sketchbook: Computer-aided game level authoring}},
    year = {2013},
    booktitle = {Proceedings of the 8th International Conference on the Foundations of Digital Games (FDG 2013)},
    author = {Liapis, Antonios and Yannakakis, Georgios N. and Togelius, Julian},
    pages = {213--220},
    url = {http://www.itu.dk/people/anli/mixedinitiative/sentient_sketchbook.pdf%5Cnhttp://www.fdg2013.org/program/papers/paper28_liapis_etal.pdf},
    isbn = {978-0-9913982-0-1},
    keywords = {computer-aided design, elty search, genetic algorithms, level design, nov-, procedural content generation}
}

@inproceedings{Scirea2017PImprovisation,
    title = {{P R I M A L - I M P R O V : Towards Co-Evolutionary Musical Improvisation}},
    year = {2017},
    booktitle = {Proceedings of the Computer Science {\&} Electronic Engineering Conference (CEEC)},
    author = {Scirea, Marco and Eklund, Peter and Togelius, Julian and Risi, Sebastian},
    pages = {172--177},
    publisher = {IEEE},
    url = {http://ieeexplore.ieee.org/stamp/stamp.jsp?tp=&arnumber=8101620&isnumber=8101585},
    address = {Colchester}
}

@inproceedings{Hoover2011InteractivelyScaffolding,
    title = {{Interactively evolving harmonies through functional scaffolding}},
    year = {2011},
    booktitle = {Proceedings of the 13th annual conference on Genetic and evolutionary computation - GECCO '11},
    author = {Hoover, Amy K. and Szerlip, Paul A. and Stanley, Kenneth O.},
    number = {Gecco},
    pages = {387--394},
    publisher = {ACM},
    url = {http://portal.acm.org/citation.cfm?doid=2001576.2001630},
    address = {Dublin},
    isbn = {9781450305570},
    doi = {10.1145/2001576.2001630},
    keywords = {accompaniment generation, compositional pattern pro-, cppns, ducing networks, iec, interactive evo-, lutionary computation, music, neat}
}

@misc{Browne2007Yavalath,
    title = {{Yavalath}},
    year = {2007},
    author = {Browne, Cameron},
    url = {ttp://www.cameronius.com/games/yavalath/}
}

@inproceedings{Baldwin2017TowardsGeneration,
    title = {{Towards pattern-based mixed-initiative dungeon generation}},
    year = {2017},
    booktitle = {Proceedings of the 12th International Conference on the Foundations of Digital Games},
    author = {Baldwin, Alexander and Dahlskog, Steve and Font, Jose M. and Holmberg, Johan},
    pages = {1--10},
    volume = {74},
    publisher = {ACM},
    url = {http://dl.acm.org/citation.cfm?doid=3102071.3110572},
    isbn = {9781450353199},
    doi = {10.1145/3102071.3110572},
    keywords = {-  Applied computing  ->  Computer games, -  Computing methodologies  ->  Search methodologi, -  Software and its engineering  ->  Interactive g, -  Theory of computation  ->  Evolutionary algorit, all or part of, design patterns, evolutionary algorithms, game, mixed-initiative design, or, or hard copies of, permission to make digital, procedural content generation, this work for personal}
}

@inproceedings{Holmgard2014EvolvingModeling,
    title = {{Evolving Personas for Player Decision Modeling}},
    year = {2014},
    booktitle = {Proceedings of the Computational Intelligence and Games 2014 (CIG)},
    author = {Holmg{\aa}rd, Christoffer and Liapis, Antonios and Togelius, Julian and Yannakakis, Georgios N.},
    pages = {1--8},
    publisher = {IEEE},
    url = {http://ieeexplore.ieee.org/stamp/stamp.jsp?tp=&arnumber=6932911&isnumber=6932856},
    address = {Dortmund}
}

@inproceedings{Shaker2012EvolvingEvolution,
    title = {{Evolving levels for Super Mario Bros using grammatical evolution}},
    year = {2012},
    booktitle = {Proceedings of the IEEE Conference on Computational Intelligence and Games, CIG 2012},
    author = {Shaker, Noor and Nicolau, Miguel and Yannakakis, Georgios N. and Togelius, Julian and O'Neill, Michael},
    pages = {304--311},
    publisher = {IEEE},
    address = {Granada},
    isbn = {9781467311922},
    doi = {10.1109/CIG.2012.6374170}
}

@inproceedings{Togelius2007TowardsGames,
    title = {{Towards automatic personalised content creation for racing games}},
    year = {2007},
    booktitle = {Proceedings of the IEEE Symposium on Computational Intelligence and Games, CIG 2007},
    author = {Togelius, Julian and De Nardi, Renzo and Lucas, Simon M.},
    pages = {252--259},
    publisher = {IEEE},
    address = {Honolulu},
    isbn = {1424407095},
    doi = {10.1109/CIG.2007.368106},
    keywords = {Car racing, Content creation, Entertainment metrics, Evolution, Player modelling}
}

@misc{Humble2007TheMarriage,
    title = {{The Marriage}},
    year = {2007},
    author = {Humble, Rod},
    url = {http://www.rodvik.com/rodgames/marriage.html}
}

@inproceedings{Baldwin2017Mixed-initiativePatterns,
    title = {{Mixed-initiative procedural generation of dungeons using game design patterns}},
    year = {2017},
    booktitle = {Proceedings of the IEEE Conference on Computational Intelligence and Games, CIG 2017},
    author = {Baldwin, Alexander and Dahlskog, Steve and Font, Jose M. and Holmberg, Johan},
    pages = {25--32},
    isbn = {9781538632338},
    doi = {10.1109/CIG.2017.8080411},
    keywords = {Dungeons, Evolutionary Algorithms, Game Design Patterns, Procedural Content Generation}
}

@article{Font2016ConstrainedAlgorithms,
    title = {{Constrained level generation through grammar-based evolutionary algorithms}},
    year = {2016},
    journal = {Lecture Notes in Computer Science (including subseries Lecture Notes in Artificial Intelligence and Lecture Notes in Bioinformatics)},
    author = {Font, Jose M. and Izquierdo, Roberto and Manrique, Daniel and Togelius, Julian},
    pages = {558--573},
    volume = {9597},
    isbn = {9783319312033},
    doi = {10.1007/978-3-319-31204-0{\_}36},
    issn = {16113349},
    keywords = {Evolutionary computation, Genetic programming, Procedural content generation}
}

@inproceedings{Holtar2013Audioverdrive:Gameplay,
    title = {{Audioverdrive: Exploring bidirectional communication between music and gameplay}},
    year = {2013},
    booktitle = {Proceedings of the International Computer Music Conference},
    author = {Holtar, Nils Iver and Nelson, Mark J. and Togelius, Julian},
    pages = {124--131},
    url = {http://www.kmjn.org/publications/Audioverdrive_ICMC13.pdf},
    isbn = {9780984527427}
}

@article{Hoover2015Audioinspace:Gameplay,
    title = {{Audioinspace: Exploring the creative fusion of generative audio, visuals and Gameplay}},
    year = {2015},
    journal = {Lecture Notes in Computer Science (including subseries Lecture Notes in Artificial Intelligence and Lecture Notes in Bioinformatics)},
    author = {Hoover, Amy K. and Cachia, William and Liapis, Antonios and Yannakakis, Georgios N.},
    pages = {101--112},
    volume = {9027},
    isbn = {9783319164977},
    doi = {10.1007/978-3-319-16498-4{\_}10},
    issn = {16113349}
}

@inproceedings{Treanor2012Game-O-Matic:Ideas,
    title = {{Game-O-Matic: Generating Videogames that Represent Ideas}},
    year = {2012},
    booktitle = {Proceedings of the Procedural Content Generation Workshop at the Foundations of Digital Games Conference},
    author = {Treanor, Mike and Blackford, Bryan and Mateas, Michael and Bogost, Ian},
    isbn = {9781450314473},
    doi = {10.1145/2538528.2538537},
    keywords = {General – Games I24 [Artificial Intelligence], Theory Keywords Procedural content generation, game design, game generation, procedural rhetoric}
}

@inproceedings{Liapis2014ComputationalCreativity,
    title = {{Computational Game Creativity}},
    year = {2014},
    booktitle = {Proceedings of the 5th International Conference on Computational Creativity},
    author = {Liapis, Antonios and Yannakakis, Georgios N and Togelius, Julian},
    pages = {46--53},
    url = {http://antoniosliapis.com/papers/computational_game_creativity.pdf}
}

@inproceedings{Treanor2011ProceduralistLogics,
    title = {{Proceduralist Readings: How to find meaning in games with graphical logics}},
    year = {2011},
    booktitle = {Proceedings of the 6th International Conference on Foundations of Digital Games},
    author = {Treanor, Mike and Schweizer, Bobby and Bogost, Ian},
    pages = {115--122},
    url = {http://games.soe.ucsc.edu/sites/default/files/Proceduralist Readings (camera ready).pdf},
    isbn = {9781450308045},
    doi = {10.1145/2159365.2159381},
    keywords = {game design, game interpretation, procedural rhetoric}
}

@inproceedings{Hartsook2011TowardWorlds,
    title = {{Toward supporting stories with procedurally generated game worlds}},
    year = {2011},
    booktitle = {Proceedings of the IEEE Conference on Computational Intelligence and Games, CIG 2011},
    author = {Hartsook, Ken and Zook, Alexander and Das, Sauvik and Riedl, Mark O.},
    pages = {297--304},
    isbn = {9781457700095},
    doi = {10.1109/CIG.2011.6032020}
}

@incollection{p2Liapis2016Mixed-initiativeCreation,
    title = {{Mixed-initiative content creation}},
    year = {2016},
    booktitle = {Procedural Content Generation in Games: A Textbook and an Overview of Current Research},
    author = {Liapis, Antonios and Smith, Gillian and Shaker, Noor},
    chapter = {11},
    pages = {195--214},
    publisher = {Springer},
    isbn = {978-3-319-42716-4},
    doi = {10.1007/978-3-319-42716-4{\_}11}
}

@article{Salge2018GenerativeCompetition,
    title = {{Generative Design in Minecraft (GDMC), Settlement Generation Competition}},
    year = {2018},
    author = {Salge, Christoph and Green, Michael Cerny and Canaan, Rodrigo and Togelius, Julian},
    url = {http://arxiv.org/abs/1803.09853},
    arxivId = {1803.09853},
    keywords = {competition, generative design, procedural content generation}
}

@book{Boden2004TheMechanism,
    title = {{The Creative Mind: Myths and Mechanism}},
    year = {2004},
    author = {Boden, Margaret A.},
    pages = {344},
    publisher = {Psychology Press},
    url = {http://books.google.com/books?hl=en&lr=&id=qx8uADvPuKUC&pgis=1},
    isbn = {0415314534},
    doi = {10.4324/9780203508527},
    issn = {0140-525X},
    pmid = {1714},
    arxivId = {arXiv:1011.1669v3}
}

@article{Gervas2009ComputationalCreativity,
    title = {{Computational Approaches to Storytelling and Creativity}},
    year = {2009},
    journal = {AI Magazine},
    author = {Gerv{\'{a}}s, Pablo},
    pages = {49--62}
}

@book{Sharples1998HowDesign,
    title = {{How We Write: Writing as a Creative Design}},
    year = {1998},
    author = {Sharples, Mike},
    pages = {240},
    publisher = {Routledge}
}

@inproceedings{Aarseth2005FromTheory,
    title = {{From Hunt the Wumpus to EverQuest: Introduction to Quest Theory}},
    year = {2005},
    booktitle = {Proceedings of the Entertainment Computing - ICEC 2005},
    author = {Aarseth, Espen},
    editor = {Kishino, Fumio and Kitamura, Yoshifumi and Kato, Hirokazu and Nagata, Noriko},
    pages = {496--506},
    publisher = {Springer Berlin Heidelberg},
    address = {Berlin, Heidelberg}
}

@inproceedings{Aarseth2012AGames,
    title = {{A Narrative Theory of Games}},
    year = {2012},
    booktitle = {Proceedings of the International Conference on the Foundations of Digital Games - FDG '12},
    author = {Aarseth, Espen},
    number = {c},
    pages = {129},
    url = {http://dl.acm.org/citation.cfm?doid=2282338.2282365},
    isbn = {9781450313339},
    doi = {10.1145/2282338.2282365},
    keywords = {ludonarrative model, narratology, storygames}
}

@misc{HarrisTheStorytelling,
    title = {{The Periodic Table of Storytelling}},
    author = {Harris, James},
    url = {http://jamesharris.design/periodic/}
}