@article{p2Tanagra2011, 
author={G. Smith and J. Whitehead and M. Mateas}, 
journal={IEEE Transactions on Computational Intelligence and AI in Games}, 
title={Tanagra: Reactive Planning and Constraint Solving for Mixed-Initiative Level Design}, 
year={2011}, 
volume={3}, 
number={3}, 
pages={201-215}, 
keywords={computational geometry;computer games;constraint handling;human computer interaction;software tools;2D platformer;Tanagra;augmented design;human computer interaction;level geometry;mixed-initiative level design tool;numerical constraint solving;reactive level generator;reactive planning;Computers;Games;Generators;Geometry;Human factors;Planning;Augmented design;constraint programming;games;level design;mixed initiative;procedural content generation;reactive planning},  
ISSN={1943-068X}, 
month={Sept}}

@inproceedings{p2Mario2016ACM,
  title={A Computational Model Based on Symmetry for Generating Visually Pleasing Maps of Platform Games},
  author={Julian R. H. Mari{\~n}o and Levi Lelis},
  booktitle={AIIDE},
  year={2016}
}

@article{p2Font2016ConstrainedAlgorithms,
    title = {{Constrained level generation through grammar-based evolutionary algorithms}},
    year = {2016},
    journal = {Lecture Notes in Computer Science (including subseries Lecture Notes in Artificial Intelligence and Lecture Notes in Bioinformatics)},
    author = {Font, J. M. and Izquierdo, R. and Manrique, D. and Togelius, J},
    pages = {558--573},
    volume = {9597},
    isbn = {9783319312033},
    %doi = {10.1007/978-3-319-31204-0{\_}36},
    issn = {16113349},
    keywords = {Evolutionary computation, Genetic programming, Procedural content generation}
}

@incollection{p2Shaker2016TheApproach,
    title = {{The search-based approach}},
    year = {2016},
    booktitle = {Procedural Content Generation in Games: A Textbook and an Overview of Current Research},
    author = {Shaker, N. and Togelius, J. and Nelson, M. J.},
    chapter = {2},
    pages = {17--31},
    publisher = {Springer},
    %url = {http://link.springer.com/10.1007/978-3-319-42716-4},
    isbn = {978-3-319-42714-0},
    %doi = {10.1007/978-3-319-42716-4},
    issn = {1098-6596},
    pmid = {25246403},
    arxivId = {arXiv:1011.1669v3}
}

@inproceedings{p2Baldwin2017Mixed-initiativePatterns,
    title = {{Mixed-initiative procedural generation of dungeons using game design patterns}},
    year = {2017},
    booktitle = {Proceedings of the IEEE Conference on Computational Intelligence and Games, CIG 2017},
    author = {Baldwin, A. and Dahlskog, S. and Font, J. M. and Holmberg, J.},
    pages = {25--32},
    isbn = {9781538632338},
    %doi = {10.1109/CIG.2017.8080411},
    keywords = {Dungeons, Evolutionary Algorithms, Game Design Patterns, Procedural Content Generation}
}

@misc{p2Maxis2008Spore,
    title = {{Spore}},
    year = {2008},
    author = {{Maxis}}
}

@inproceedings{p2Scirea2017PImprovisation,
    title = {{PRIMAL - IMPROV: Towards Co-Evolutionary Musical Improvisation}},
    year = {2017},
    booktitle = {Proceedings of the Computer Science {\&} Electronic Engineering Conference (CEEC)},
    author = {Scirea, M. and Eklund, P. and Togelius, J. and Risi, S.},
    pages = {172--177},
    publisher = {IEEE},
    %url = {http://ieeexplore.ieee.org/stamp/stamp.jsp?tp=&arnumber=8101620&isnumber=8101585},
    address = {Colchester}
}

@misc{p2Braben1984Elite,
    title = {{Elite}},
    year = {1984},
    author = {Braben, D. and Bell, I.}
}

@inproceedings{p2Holmgard2014EvolvingModeling,
    title = {{Evolving Personas for Player Decision Modeling}},
    year = {2014},
    booktitle = {Proceedings of the Computational Intelligence and Games 2014 (CIG)},
    author = {Holmg{\aa}rd, C. and Liapis, A. and Togelius, J. and Yannakakis, G. N.},
    %pages = {1--8},
    publisher = {IEEE},
    %url = {http://ieeexplore.ieee.org/stamp/stamp.jsp?tp=&arnumber=6932911&isnumber=6932856},
    address = {Dortmund}
}

@misc{p2Toy1980Rogue,
    title = {{Rogue}},
    year = {1980},
    author = {Toy, M. and Wichman, G. and Arnold, K. and Lane, J.}
}

@inproceedings{p2Shaker2012EvolvingEvolution,
    title = {{Evolving levels for Super Mario Bros using grammatical evolution}},
    year = {2012},
    booktitle = {Proceedings of the IEEE Conference on Computational Intelligence and Games, CIG 2012},
    author = {Shaker, N. and Nicolau, M. and Yannakakis, G. N. and Togelius, J. and O'Neill, M.},
    pages = {304--311},
    publisher = {IEEE},
    address = {Granada},
    isbn = {9781467311922},
    %doi = {10.1109/CIG.2012.6374170}
}

@inproceedings{p2Hoover2011InteractivelyScaffolding,
    title = {{Interactively evolving harmonies through functional scaffolding}},
    year = {2011},
    booktitle = {Proceedings of the 13th annual conference on Genetic and evolutionary computation - GECCO '11},
    author = {Hoover, A. K. and Szerlip, P. A. and Stanley, K. O.},
    number = {Gecco},
    pages = {387--394},
    publisher = {ACM},
    %url = {http://portal.acm.org/citation.cfm?doid=2001576.2001630},
    address = {Dublin},
    isbn = {9781450305570},
    %doi = {10.1145/2001576.2001630},
    keywords = {accompaniment generation, compositional pattern pro-, cppns, ducing networks, iec, interactive evo-, lutionary computation, music, neat}
}

@inproceedings{p2Baldwin2017TowardsGeneration,
    title = {{Towards pattern-based mixed-initiative dungeon generation}},
    year = {2017},
    booktitle = {Proceedings of the 12th International Conference on the Foundations of Digital Games},
    author = {Baldwin, A. and Dahlskog, S. and Font, J. M. and Holmberg, J.},
    pages = {1--10},
    volume = {74},
    publisher = {ACM},
    %url = {http://dl.acm.org/citation.cfm?doid=3102071.3110572},
    isbn = {9781450353199},
    %doi = {10.1145/3102071.3110572},
    keywords = {-  Applied computing  ->  Computer games, -  Computing methodologies  ->  Search methodologi, -  Software and its engineering  ->  Interactive g, -  Theory of computation  ->  Evolutionary algorit, all or part of, design patterns, evolutionary algorithms, game, mixed-initiative design, or, or hard copies of, permission to make digital, procedural content generation, this work for personal}
}

@inproceedings{p2Liapis2013SentientAuthoring,
    title = {{Sentient sketchbook: Computer-aided game level authoring}},
    year = {2013},
    booktitle = {Proceedings of the 8th International Conference on the Foundations of Digital Games (FDG 2013)},
    author = {Liapis, A. and Yannakakis, G. N. and Togelius, J.},
    pages = {213--220},
    %url = {http://www.itu.dk/people/anli/mixedinitiative/sentient_sketchbook.pdf%5Cnhttp://www.fdg2013.org/program/papers/paper28_liapis_etal.pdf},
    isbn = {978-0-9913982-0-1},
    keywords = {computer-aided design, elty search, genetic algorithms, level design, nov-, procedural content generation}
}

@article{p2Zhang2015DrawCompileEvolve:Creations,
    title = {{DrawCompileEvolve: Sparking interactive evolutionary art with human creations}},
    year = {2015},
    journal = {Lecture Notes in Computer Science (including subseries Lecture Notes in Artificial Intelligence and Lecture Notes in Bioinformatics)},
    author = {Zhang, J. and Taarnby, R. and Liapis, A. and Risi, S.},
    pages = {261--273},
    volume = {9027},
    isbn = {9783319164977},
    %doi = {10.1007/978-3-319-16498-4{\_}23},
    issn = {16113349}
}

@misc{p2Browne2007Yavalath,
    title = {{Yavalath}},
    year = {2007},
    author = {Browne, C.},
    url = {http://www.cameronius.com/games/yavalath/}
}

@article{p2Liapis2012AdaptingCreation,
    title = {{Adapting models of visual aesthetics for personalized content creation}},
    year = {2012},
    journal = {IEEE Transactions on Computational Intelligence and AI in Games},
    author = {Liapis, A. and Yannakakis, G. N. and Togelius, J.},
    number = {3},
    pages = {213--228},
    volume = {4},
    isbn = {1943-068X VO  - 4},
    %doi = {10.1109/TCIAIG.2012.2192438},
    issn = {1943068X},
    keywords = {Computational aesthetics, constrained optimization, experience-driven procedural content generation (E, interactive evolution}
}

@inproceedings{p2Hastings2009GalacticGame,
    title = {{Galactic Arms Race Video Game}},
    year = {2009},
    booktitle = {Proceedings of the IEEE Symposium on Computational Intelligence and Games (CIG09).},
    author = {Hastings, E. J. and Guha, R. K and Stanley, K. O},
    number = {4},
    pages = {245--263},
    volume = {1},
    isbn = {978-1-4244-4814-2},
    doi = {10.1109/CIG.2009.5286468},
    issn = {1943-068X}
}

@misc{p2HelloGames2016NoSky,
    title = {{No Man's Sky}},
    year = {2016},
    author = {{Hello Games}}
}

@inproceedings{p2Machwe2006IntegratingInvestigation,
    title = {{Integrating aesthetic criteria with evolutionary processes in complex, free-form design -- an initial investigation}},
    year = {2006},
    booktitle = {Proceedings of the IEEE International Conf. on Evolutionary Computation},
    author = {Machwe, A. and Parmee, I. C.},
    pages = {165--172},
    isbn = {0-7803-9487-9},
    %doi = {10.1109/CEC.2006.1688304}
}