% Encoding: UTF-8

@misc{p7spelunky,
Address = {Stockholm, Sweden},
Author = {{Derek Yu} and {Mossmouth, LLC}},
Day = {21},
Howpublished = {Game [PC]},
Month = {December},
Note = {Mossmouth, California, US. Last played December 2019.},
Publisher = {Mossmouth, LLC},
Title = {\emph{Spelunky}},
Year = {2008}
}

@misc{p7minecraft,
Address = {Stockholm, Sweden},
Author = {{Mojang Studios}},
Day = {17},
Howpublished = {Game [PC]},
Month = {May},
Note = {Microsoft Studios, Washington, US. Last played October 2019.},
Publisher = {Microsoft Studios},
Title = {\emph{Minecraft}},
Year = {2009}
}

@misc{p7nomansky,
Address = {Guildford, United Kingdom},
Author = {{Hello Games}},
Day = {09},
Howpublished = {Game [PC]},
Month = {August},
Note = {Sony Interactive Entertainment, Tokyo, Japan. Last played March 2017.},
Publisher = {Sony Interactive Entertainment},
Title = {\emph{No Man's Sky}},
Year = {2016}
}

@misc{p7SM,
      Address = {Kyoto, Japan},
      Author = {{Nintendo R\&D1} and {Intelligent Systems}},
      Day = {18},
      Howpublished = {Game [SNES]},
      Month = {April},
      Note = {Nintendo, Kyoto, Japan. Last played August 2011.},
      Publisher = {Nintendo},
      Title = {\emph{Super Metroid}},
      Year = {1994}}

@inproceedings{p7Zhu2018-XAIDesignersMICC,
author={J. {Zhu} and A. {Liapis} and S. {Risi} and R. {Bidarra} and G. M. {Youngblood}},
booktitle={2018 IEEE Conf. on Computational Intelligence and Games},
title={Explainable AI for Designers: A Human-Centered Perspective on Mixed-Initiative Co-Creation},
year={2018},
volume={},
number={},
pages={},
keywords={computer games;human computer interaction;learning (artificial intelligence);game designers;AI/ML techniques;human-centered perspective;AI machine;human-centered approach;explainable artificial intelligence;mixed-initiative co-creation;XAI;machine learning;explainable AI for designers;XAID framework;Games;Task analysis;Machine learning;Neurons;Visualization;Tools;explainable artificial intelligence;mixed-initiative co-creation;human-computer interaction;machine learning;game design},
doi={10.1109/CIG.2018.8490433},
ISSN={2325-4270},
month={Aug},}

@inproceedings{p7Hartsook2011TowardWorlds,
    title = {{Toward supporting stories with procedurally generated game worlds}},
    year = {2011},
    booktitle = {Proceedings of the IEEE Conference on Computational Intelligence and Games, CIG 2011},
    author = {Hartsook, Ken and Zook, Alexander and Das, Sauvik and Riedl, Mark O.},
    pages = {297--304},
    isbn = {9781457700095},
    doi = {10.1109/CIG.2011.6032020}
}

@article{p7Alvarez2020-ICMAPE,
      title={Interactive Constrained MAP-Elites: Analysis and Evaluation of the Expressiveness of the Feature Dimensions},
    author={Alberto Alvarez and Steve Dahlskog and Jose Font and Julian Togelius},
    year={2020},
    journal={arXiv: 2003.03377}
}

@article{p7alvarez2020-designerpersonas,
    title={Towards Designer Modeling through Design Style Clustering},
    author={Alberto Alvarez and Jose Font and Julian Togelius},
    year={2020},
    journal={arXiv: 2004.01697}
}

@inproceedings{p7abuzuraiq2019-taksim,
  author={Ahmed M. {Abuzuraiq} and Arron {Ferguson} and Philippe {Pasquier}},
  booktitle={2019 IEEE Conference on Games (CoG)}, 
  title={Taksim: A Constrained Graph Partitioning Framework for Procedural Content Generation}, 
  year={2019},
  volume={},
  number={},
  pages={1-8}
 }

@inproceedings{p7cluster-mape2017,
 author = {Vassiliades, Vassilis and Chatzilygeroudis, Konstantinos and Mouret, Jean-Baptiste},
 title = {A Comparison of Illumination Algorithms in Unbounded Spaces},
 booktitle = {Proceedings of the Genetic and Evolutionary Computation Conference Companion},
 series = {GECCO '17},
 year = {2017},
 isbn = {978-1-4503-4939-0},
 location = {Berlin, Germany},
 pages = {1578--1581},
 numpages = {4},
 url = {http://doi.acm.org/10.1145/3067695.3082531},
 doi = {10.1145/3067695.3082531},
 acmid = {3082531},
 publisher = {ACM},
 address = {New York, NY, USA},
 keywords = {MAP-elites, behavioral diversity, illumination algorithms, novelty search, quality diversity},
} 

@inproceedings{p7montfort2013slant,
  title={Slant: A Blackboard System to Generate Plot, Figuration, and Narrative Discourse Aspects of Stories.},
  author={Montfort, Nick and y P{\'e}rez, Rafael P{\'e}rez and Harrell, D Fox and Campana, Andrew},
  booktitle={ICCC},
  pages={168--175},
  year={2013}
}

@article{p7kybartas2016survey,
  title={A survey on story generation techniques for authoring computational narratives},
  author={Kybartas, Ben and Bidarra, Rafael},
  journal={IEEE Transactions on Computational Intelligence and AI in Games},
  volume={9},
  number={3},
  pages={239--253},
  year={2016},
  publisher={IEEE}
}

@article{p7dormans2011generating,
  title={Generating missions and spaces for adaptable play experiences},
  author={Dormans, Joris and Bakkes, Sander},
  journal={IEEE Transactions on Computational Intelligence and AI in Games},
  volume={3},
  number={3},
  pages={216--228},
  year={2011},
  publisher={IEEE}
}

@inproceedings{p7aarseth2005hunt,
  title={From hunt the wumpus to everquest: introduction to quest theory},
  author={Aarseth, Espen},
  booktitle={International Conference on Entertainment Computing},
  pages={496--506},
  year={2005},
  organization={Springer}
}

@inproceedings{p7alvarexempowering,
  author={Alberto {Alvarez} and Steve {Dahlskog} and Jose {Font} and Julian {Togelius}},
  booktitle={2019 IEEE Conference on Games (CoG)}, 
  title={Empowering Quality Diversity in Dungeon Design with Interactive Constrained MAP-Elites}, 
  year={2019},
  volume={},
  number={},
  pages={1-8},}
  
  @article{p7jenkins2004game,
  title={Game design as narrative},
  author={Jenkins, Henry},
  journal={Computer},
  volume={44},
  number={53},
  pages={118--130},
  year={2004}
}

@inproceedings{p7ashmore2007,
author={Ashmore Calvin and Nitsche Michael},
year={2007},
publisher={The University of Tokyo},
title={The Quest in a Generated World},
isbn={ISSN 2342-9666},
booktitle={DiGRA \&\#3907 - Proceedings of the 2007 DiGRA International Conference: Situated Play},
month={September},
url={http://www.digra.org/wp-content/uploads/digital-library/07311.20228.pdf}
}

@article{p7cvt-mape2016,
  author    = {Vassilis Vassiliades and
               Konstantinos I. Chatzilygeroudis and
               Jean{-}Baptiste Mouret},
  title     = {Scaling Up MAP-Elites Using Centroidal Voronoi Tessellations},
  journal   = {CoRR},
  volume    = {abs/1610.05729},
  year      = {2016},
  url       = {http://arxiv.org/abs/1610.05729},
  archivePrefix = {arXiv},
  eprint    = {1610.05729},
  timestamp = {Mon, 13 Aug 2018 16:48:10 +0200},
  biburl    = {https://dblp.org/rec/bib/journals/corr/VassiliadesCM16},
  bibsource = {dblp computer science bibliography, https://dblp.org}
}

@online{p7brewer2016a,
  author="Brewer, Nathan",
  title="{{Going Rogue: A Brief History of the Computerized Dungeon Crawl}}",
  url="{{https://insight.ieeeusa.org/articles/going-rogue-a-brief-history-of-the-computerized-dungeon-crawl/}}",
  note="(2016, July 7)",
}

@misc{p7applemanor,
  author    = {Don Worth},
  title     = {{Beneath Apple Manor}},
  year      = {1978},
  publisher = {{}The Software Factory}},
}

@misc{p7pedit5,
  author    = {Rusty Rutherford},
  title     = {{pedit5, alternately called The Dungeon}},
  year      = {1975},
  publisher = {{Population and Energy Group}},
}

@misc{p7mcmillen_binding_2011,
	title = {The {Binding} of {Isaac}},
	author = {McMillen, E. and Himsl, F.},
	year = {2011}
}

@misc{p7brewer2016b,
    author="Brewer, Nathan",
  title="{{Going Rogue: A Brief History of the Computerized Dungeon Crawl}}",
  url="https://insight.ieeeusa.org/articles/going-rogue-a-brief-history-of-the-computerized-dungeon-crawl/",
    note={accessed 2019, March 20},
}

@electronic{brewer2016,
 author   = "Brewer, Nathan",
 title     = {{Going Rogue: A Brief History of the Computerized Dungeon Crawl}},
 url       = "https://insight.ieeeusa.org/articles/going-rogue-a-brief-history-of-the-computerized-dungeon-crawl/"
}

@book{p7rollings-adams,
	Author = {Andrew Rollings and Ernest Adams},
	Isbn = {1-5927-3001-9},
	Publisher = {{New Riders Publishing}},
	Title = {{Andrew Rollings and Ernest Adams on Game Design}},
	Year = {2003}
}
	
@book{p7batemanboon,
	Author = {Chris Bateman and Richard Boon},
	Isbn = {1-58450-429-3},
	Publisher = {{Charles River Media}},
	Title = {{21st Century Game Design}},
	Year = {2006}
}

@book{p7totten2017,
	Author = {Christopher W. Totten},
	Isbn = {978-1-1386-2880-9},
	Publisher = {{CRC Press}},
	Title = {{Level Design: Processes and Experiences}},
	Year = {2017}
}
	
	

@book{p7barton08dad,
	Author = {Barton, Matt},
	Date-Added = {2016-05-19 20:10:18 +0000},
	Date-Modified = {2016-05-19 20:10:18 +0000},
	Howpublished = {Hardcover},
	Isbn = {1568814119},
	Publisher = {{A K Peters Ltd}},
	Title = {{Dungeons and Desktops: The History of Computer Role-playing Games}},
	Year = {2008}}

@inproceedings{p7Khalifa2018,
  author       = {Khalifa, Ahmed and Lee, Scott and Nealen, Andy and Togelius, Julian},
  title        = {Talakat: Bullet hell generation through constrained map-elites},
  booktitle    = {Proceedings of The Genetic and Evolutionary Computation Conference},
  year         = {2018},
  pages        = {1047--1054},
  organization = {ACM},
}

@article{p7Mouret2015,
  author  = {Mouret, Jean-Baptiste and Clune, Jeff},
  title   = {Illuminating search spaces by mapping elites},
  journal = {arXiv preprint arXiv:1504.04909},
  year    = {2015},
}

@article{p7Vassiliades2018,
  author    = {Vassiliades, Vassilis and Chatzilygeroudis, Konstantinos and Mouret, Jean-Baptiste},
  title     = {Using centroidal voronoi tessellations to scale up the multidimensional archive of phenotypic elites algorithm},
  journal   = {IEEE Transactions on Evolutionary Computation},
  year      = {2018},
  volume    = {22},
  number    = {4},
  pages     = {623--630},
  publisher = {IEEE},
}

@inproceedings{p7Vassiliades2017,
  author    = {Vassiliades, Vassilis and Chatzilygeroudis, Konstantinos and Mouret, Jean-Baptiste},
  title     = {A Comparison of Illumination Algorithms in Unbounded Spaces},
  booktitle = {Proceedings of the Genetic and Evolutionary Computation Conference Companion},
  year      = {2017},
  series    = {GECCO '17},
  pages     = {1578--1581},
  address   = {New York, NY, USA},
  publisher = {ACM},
  acmid     = {3082531},
  doi       = {10.1145/3067695.3082531},
  isbn      = {978-1-4503-4939-0},
  keywords  = {MAP-elites, behavioral diversity, illumination algorithms, novelty search, quality diversity},
  location  = {Berlin, Germany},
  numpages  = {4},
  url       = {http://doi.acm.org/10.1145/3067695.3082531},
}

@article{p7Liapis2016,
  author  = {Liapis, Antonios and Yannakakis, Georgios N and Alexopoulos, Constantine and Lopes, Phil},
  title   = {Can Computers Foster Human Users' Creativity? Theory and Praxis of Mixed-Initiative Co-Creativity},
  journal = {Digital Culture \& Education},
  year    = {2016},
  volume  = {8},
  number  = {2},
  pages   = {136--153},
}

@article{p7liapis2018orchestrating,
  title={Orchestrating game generation},
  author={Liapis, Antonios and Yannakakis, Georgios N and Nelson, Mark J and Preuss, Mike and Bidarra, Rafael},
  journal={IEEE Transactions on Games},
  volume={11},
  number={1},
  pages={48--68},
  year={2018},
  publisher={IEEE}
}

@book{p7Yannakakis2018,
  title     = {Artificial intelligence and games},
  publisher = {Springer},
  year      = {2018},
  author    = {Yannakakis, Georgios N and Togelius, Julian},
  volume    = {2},
}

@article{p7Yannakakis2015,
  author    = {Yannakakis, Georgios N and Togelius, Julian},
  title     = {A panorama of artificial and computational intelligence in games},
  journal   = {IEEE Transactions on Computational Intelligence and AI in Games},
  year      = {2015},
  volume    = {7},
  number    = {4},
  pages     = {317--335},
  publisher = {IEEE},
}

@misc{p7braben_elite_1984,
  author    = {Braben, D. and Bell, I.},
  title     = {Elite},
  year      = {1984},
  publisher = {Acornsoft},
}

@misc{p7michael_toy_1980,
  author    = {Toy, M.},
  title     = {Rogue},
  year      = {1980},
  publisher = {Epyx},
}

@inproceedings{p7Alvarez2018,
  author    = {Alvarez, Alberto and Dahlskog, Steve and Font, Jose and Holmberg, Johan and Nolasco, Chelsi and \"{O}sterman, Axel},
  title     = {Fostering Creativity in the Mixed-initiative Evolutionary Dungeon Designer},
  booktitle = {Proceedings of the 13th International Conference on the Foundations of Digital Games},
  year      = {2018},
  series    = {FDG '18},
  pages     = {50:1--50:8},
  address   = {New York, NY, USA},
  publisher = {ACM},
  acmid     = {3235815},
  articleno = {50},
  doi       = {10.1145/3235765.3235815},
  isbn      = {978-1-4503-6571-0},
  keywords  = {game design patterns, mixed-initiative design, procedural content generation},
  location  = {Malm\&ouml;, Sweden},
  numpages  = {8},
  url       = {http://doi.acm.org/10.1145/3235765.3235815},
}

@inproceedings{p7Alvarez2018a,
  author    = {Alvarez, Alberto and Dahlskog, Steve and Font, Jose and Holmberg, Johan and Johansson, Simon},
  title     = {Assessing Aesthetic Criteria in the Evolutionary Dungeon Designer},
  booktitle = {Proceedings of the 13th International Conference on the Foundations of Digital Games},
  year      = {2018},
  series    = {FDG '18},
  pages     = {44:1--44:4},
  address   = {New York, NY, USA},
  publisher = {ACM},
  acmid     = {3235810},
  articleno = {44},
  doi       = {10.1145/3235765.3235810},
  isbn      = {978-1-4503-6571-0},
  keywords  = {evolutionary algorithms, mixed-initiative design, procedural content generation},
  location  = {Malm\&ouml;, Sweden},
  numpages  = {4},
  url       = {http://doi.acm.org/10.1145/3235765.3235810},
}

@inproceedings{p7Baldwin2017,
  author    = {Baldwin, Alexander and Dahlskog, Steve and Font, Jose M. and Holmberg, Johan},
  title     = {Towards Pattern-based Mixed-initiative Dungeon Generation},
  booktitle = {Proceedings of the 12th International Conference on the Foundations of Digital Games},
  year      = {2017},
  series    = {FDG '17},
  pages     = {74:1--74:10},
  address   = {New York, NY, USA},
  publisher = {ACM},
  acmid     = {3110572},
  articleno = {74},
  doi       = {10.1145/3102071.3110572},
  isbn      = {978-1-4503-5319-9},
  keywords  = {evolutionary algorithms, game design patterns, mixed-initiative design, procedural content generation},
  location  = {Hyannis, Massachusetts},
  numpages  = {10},
  url       = {http://doi.acm.org/10.1145/3102071.3110572},
}

@book{p7shaker2016procedural,
  title={Procedural content generation in games},
  author={Shaker, Noor and Togelius, Julian and Nelson, Mark J},
  year={2016},
  publisher={Springer}
}

@inproceedings{p7Baldwin2017a,
  author    = {A. {Baldwin} and S. {Dahlskog} and J. M. {Font} and J. {Holmberg}},
  title     = {Mixed-initiative procedural generation of dungeons using game design patterns},
  booktitle = {Proc. IEEE Conf. Computational Intelligence and Games (CIG)},
  year      = {2017},
  pages     = {25--32},
  month     = aug,
  doi       = {10.1109/CIG.2017.8080411},
  issn      = {2325-4289},
  keywords  = {computer games, genetic algorithms, object-oriented programming, game design patterns, Procedural Content Generation, mixed-initiative level generation tools, Evolutionary Dungeon Designer, mixed-initiative dungeon design tool, generated rooms, design pattern-related input parameters, game levels, treasures, enemies, fitness function, genetic algorithm, Games, Genetic algorithms, Algorithm design and analysis, Sociology, Statistics, Tools, Generators, Procedural Content Generation, Evolutionary Algorithms, Game Design Patterns, Dungeons},
}

@article{p7Togelius2011,
  author   = {J. {Togelius} and G. N. {Yannakakis} and K. O. {Stanley} and C. {Browne}},
  title    = {Search-Based Procedural Content Generation: A Taxonomy and Survey},
  journal  = {IEEE Transactions on Computational Intelligence and AI in Games},
  year     = {2011},
  volume   = {3},
  number   = {3},
  pages    = {172--186},
  month    = sep,
  issn     = {1943-068X},
  doi      = {10.1109/TCIAIG.2011.2148116},
  keywords = {computer graphics, evolutionary computation, search problems, search-based procedural content generation, evolutionary algorithm, metaheuristic search algorithm, Games, Algorithm design and analysis, Optimization, Evolutionary computation, Encoding, Weapons, Buildings, Computer graphics, design automation, evolutionary computation, genetic algorithms},
}

@inproceedings{p7shaker2012evolving,
  author    = {Shaker, N. and Yannakakis, G. N. and Togelius, J. and Nicolau, M. and O'neill, M.},
  title     = {Evolving Personalized Content for Super Mario Bros Using Grammatical Evolution.},
  booktitle = {AIIDE},
  year      = {2012},
}

@inproceedings{p7hastings_evolving_2009,
  author    = {Hastings, Erin J. and Guha, Ratan K. and Stanley, Kenneth O.},
  title     = {Evolving content in the {Galactic} {Arms} {Race} video game},
  booktitle = {2009 {IEEE} {Symposium} on {Computational} {Intelligence} and {Games}},
  year      = {2009},
  month     = sep,
  doi       = {10.1109/CIG.2009.5286468},
  keywords  = {Arm, Artificial neural networks, augmenting topologies algorithm, computer games, content-generating neuroevolution, Costs, evolutionary computation, galactic arms race video game, games, human computer interaction, Machine learning, Marine vehicles, particle system weapons, Streaming media, Topology, video signal processing, Weapons},
}

@inproceedings{p7Liapis2014,
  author    = {A. {Liapis} and G. N. {Yannakakis} and J. {Togelius}},
  title     = {Designer modeling for Sentient Sketchbook},
  booktitle = {Proc. IEEE Conf. Computational Intelligence and Games},
  year      = {2014},
  pages     = {1--8},
  month     = aug,
  doi       = {10.1109/CIG.2014.6932873},
  issn      = {2325-4289},
  keywords  = {CAD, interactive systems, pattern recognition, user interfaces, designer modeling, sentient sketchbook, computer-aided level design tool, computer-generated suggestions, choice-based interactive evolution, visual patterns, Adaptation models, Games, Computational modeling, Visualization, Sociology, Statistics, Load modeling},
}

@inproceedings{p7Green2018,
  author    = {Green, Michael Cerny and Barros, Gabriella A. B. and Liapis, Antonios and Togelius, Julian},
  title     = {DATA Agent},
  booktitle = {Proceedings of the 13th International Conference on the Foundations of Digital Games},
  year      = {2018},
  series    = {FDG '18},
  pages     = {19:1--19:10},
  address   = {New York, NY, USA},
  publisher = {ACM},
  acmid     = {3235792},
  articleno = {19},
  doi       = {10.1145/3235765.3235792},
  isbn      = {978-1-4503-6571-0},
  keywords  = {Wikipedia, adventure games, data games, murder mystery, open data, procedural content generation},
  location  = {Malm\&ouml;, Sweden},
  numpages  = {10},
  url       = {http://doi.acm.org/10.1145/3235765.3235792},
}

@misc{p7dormansUnexplored2017,
  author = {Joris Dormans},
  title  = {Unexplored},
  year   = {2017},
}

@article{p7smith_tanagra:_2011,
  author   = {Smith, G. and Whitehead, J. and Mateas, M.},
  title    = {Tanagra: {Reactive} {Planning} and {Constraint} {Solving} for {Mixed}-{Initiative} {Level} {Design}},
  journal  = {IEEE Transactions on Computational Intelligence and AI in Games},
  year     = {2011},
  volume   = {3},
  number   = {3},
  month    = sep,
  issn     = {1943-068X},
  keywords = {2D platformer, augmented design, computational geometry, computer games, Computers, constraint handling, constraint programming, games, Generators, Geometry, human computer interaction, Human factors, level design, level geometry, mixed initiative, mixed-initiative level design tool, numerical constraint solving, Planning, procedural content generation, reactive level generator, reactive planning, software tools, Tanagra},
}

@inproceedings{p7shaker2013ropossum,
  author    = {Shaker, Noor and Shaker, Mohammad and Togelius, Julian},
  title     = {Ropossum: An Authoring Tool for Designing, Optimizing and Solving Cut the Rope Levels.},
  booktitle = {AIIDE},
  year      = {2013},
}

@inproceedings{p7liapis_generating_2013,
  author    = {Liapis, A. and Yannakakis, G. N. and Togelius, J.},
  title     = {Generating {Map} {Sketches} for {Strategy} {Games}},
  booktitle = {Proceedings of {Applications} of {Evolutionary} {Computation}},
  year      = {2013},
  volume    = {7835, LNCS},
  publisher = {Springer},
}

@inproceedings{p7yannakakis2014micc,
author = {Georgios N. Yannakakis and Antonios Liapis and Constantine Alexopoulos},
title = {Mixed-Initiative Co-Creativity},
booktitle = {Proceedings of the 9th Conference on the Foundations of Digital Games},
year = {2014},
} 

@inproceedings{p7Machado2017,
  author    = {Machado, T and Nealen, A and Togelius, J},
  title     = {Cicero: Computationally intelligent collaborative environment for game and level design},
  booktitle = {3rd workshop on Computational Creativity and Games (CCGW) at the 8th International Conference on Computational Creativity (ICCC’17)},
  year      = {2017},
}

@article{p7Pugh2016,
  author        = {Pugh, Justin K and Soros, Lisa B and Stanley, Kenneth O},
  title         = {Quality diversity: A new frontier for evolutionary computation},
  journal       = {Frontiers in Robotics and AI},
  year          = {2016},
  volume        = {3},
  pages         = {40},
  __markedentry = {[ag6505:]},
  publisher     = {Frontiers},
}

@article{p7Kimbrough2008,
  author        = {Kimbrough, Steven Orla and Koehler, Gary J and Lu, Ming and Wood, David Harlan},
  title         = {On a Feasible--Infeasible Two-Population (FI-2Pop) genetic algorithm for constrained optimization: Distance tracing and no free lunch},
  journal       = {European Journal of Operational Research},
  year          = {2008},
  volume        = {190},
  number        = {2},
  pages         = {310--327},
  __markedentry = {[ag6505:6]},
  publisher     = {Elsevier},
}

@Comment{jabref-meta: databaseType:bibtex;}
