@inproceedings{p1SmithAKLSWWM2011,
	Author = {Smith, Gillian and Anderson, Ryan and Kopleck, Brian and Lindblad, Zach and Scott, Lauren and Wardell, Adam and Whitehead, Jim and Mateas, Michael},
	Booktitle = {ICIDS},
	Pages = {326-329},
	Title = {{Situating Quests: Design Patterns for Quest and Level Design in Role-Playing Games}},
	Year = {2011}}


@misc{p1kreimeier2002cgd,
 year=2002,
 author = {Kreimeier, Brend},
 editor = {{Gamasutra}},
 Title = {The Case For Game Design Patterns},
 lastchecked = {19.05.2017},
 url = {http://www.gamasutra.com/view/feature/132649/the_case_for_game_design_patterns.php}
}

@inproceedings{p1MachadoCiceroSeekWhence,
 author = {Machado, Tiago and Nealen, Andy and Togelius, Julian},
 title = {SeekWhence a Retrospective Analysis Tool for General Game Design},
 booktitle = {Proceedings of the 12th International Conference on the Foundations of Digital Games},
 series = {FDG '17},
 year = {2017},
 isbn = {978-1-4503-5319-9},
 location = {Hyannis, Massachusetts},
 pages = {4:1--4:6},
 articleno = {4},
 numpages = {6},
 doi = {10.1145/3102071.3102090},
 acmid = {3102090},
 publisher = {ACM},
 address = {New York, NY, USA},
 keywords = {game analysis and visualizations, game prototyping, gameplay sessions, retrospective analysis},
} 

@article{p1togeliuspanorama, 
author={G. N. Yannakakis and J. Togelius}, 
journal={IEEE Transactions on Computational Intelligence and AI in Games}, 
title={A Panorama of Artificial and Computational Intelligence in Games}, 
year={2015}, 
volume={7}, 
number={4}, 
pages={317-335}, 
keywords={artificial intelligence;computer games;human computer interaction;AI benchmarks;AI-assisted game design;NPC behavior learning;artificial intelligence;commercial games;computational intelligence;computational narrative believable agents;human-computer interaction;player modeling;player-game interaction;procedural content generation;search and planning;Artificial intelligence;Computational modeling;Evolutionary computation;Games;Planning;Seminars;Artificial intelligence;computational intelligence;games}, 
doi={10.1109/TCIAIG.2014.2339221}, 
ISSN={1943-068X}, 
month={Dec},}

@inproceedings{p1Eddy1_5, 
 author = {Baldwin, A. and Dahlskog, S. and Font, J. M. and Holmberg, J.}, 
booktitle={2017 IEEE Conference on Computational Intelligence and Games (CIG)}, 
title={Mixed-initiative procedural generation of dungeons using game design patterns}, 
year={2017}, 
volume={}, 
number={}, 
pages={25-32}, 
keywords={computer games;genetic algorithms;object-oriented programming;Evolutionary Dungeon Designer;Procedural Content Generation;design pattern-related input parameters;enemies;fitness function;game design patterns;game levels;generated rooms;genetic algorithm;mixed-initiative dungeon design tool;mixed-initiative level generation tools;treasures;Algorithm design and analysis;Games;Generators;Genetic algorithms;Sociology;Statistics;Tools;Dungeons;Evolutionary Algorithms;Game Design Patterns;Procedural Content Generation}, 
doi={10.1109/CIG.2017.8080411}, 
ISSN={}, 
month={Aug}}

@inproceedings{p1Eddy2,
 author = {Baldwin, A. and Dahlskog, S. and Font, J. M. and Holmberg, J.},
 title = {Towards Pattern-based Mixed-initiative Dungeon Generation},
 booktitle = {Proceedings of the 12th International Conference on the Foundations of Digital Games},
 series = {FDG '17},
 year = {2017},
 isbn = {978-1-4503-5319-9},
 location = {Hyannis, Massachusetts},
 pages = {74:1--74:10},
 articleno = {74},
 acmid = {3110572},
 publisher = {ACM},
 address = {New York, NY, USA},
 keywords = {evolutionary algorithms, game design patterns, mixed-initiative design, procedural content generation},
}

@article{p1allen1999mixed,
  title={Mixed-initiative interaction},
  author={Allen, JE and Guinn, Curry I and Horvtz, E},
  journal={IEEE Intelligent Systems and their Applications},
  volume={14},
  number={5},
  pages={14--23},
  year={1999},
  publisher={IEEE}
}

@inproceedings{p1horvitz1999principles,
  title={Principles of mixed-initiative user interfaces},
  author={Horvitz, Eric},
  booktitle={Proceedings of the SIGCHI conference on Human Factors in Computing Systems},
  pages={159--166},
  year={1999},
  organization={ACM}
}

@article{p1srnka2007words,
  title={From words to numbers: how to transform qualitative data into meaningful quantitative results},
  author={Srnka, Katharina J and Koeszegi, Sabine T},
  journal={Schmalenbach Business Review},
  volume={59},
  number={1},
  pages={29--57},
  year={2007},
  publisher={Springer}
}

@inproceedings{p1Eddy2_5,
 author = {Alvarez, A. and Dahlskog, S. and Font, J. M. and Holmberg, J. and Johansson. S.},
 title = {Assessing Aesthetic Criteria in the Evolutionary Dungeon Designer},
 booktitle = {Proceedings of the 13th International Conference on the Foundations of Digital Games},
 series = {FDG '18},
 year = {2018},
 location = {Malmö, Sweden},
 publisher = {ACM},
 address = {New York, NY, USA},
 keywords = {Procedural Content Generation, Evolutionary Algorithms, Mixed-Initiative Design.},
}

author = {Baldwin, A. and Dahlskog, S. and Font, J. M. and Holmberg, J.},
@misc{p1gdp2,
	Author = {Bj{\"o}rk, S.},
	Howpublished = {Web page},
	Keywords = {Game Design Patterns},
	Lastchecked = {15th of September 2015},
	Month = {March},
	Title = {{Game Design Patterns 2.0}},
	Url = {http://gdp2.tii.se/},
	Urldate = {8th of January 2015},
	Year = {2013}
    }


@inproceedings{p1Lundgren2012,
	Author = {Lundgren, Sus and Bj{\"o}rk, Staffan},
	Booktitle = {FDG},
	Editor = {El-Nasr, Magy Seif and Consalvo, Mia and Feiner, Steven K.},
	Isbn = {978-1-4503-1333-9},
	Pages = {113-120},
	Publisher = {ACM},
	Title = {Neither playing nor gaming: pottering in games},
	Year = 2012}


@inproceedings{p1valtchanov_evolving_2012,
	address = {New York, NY, USA},
	title = {Evolving {Dungeon} {Crawler} {Levels} with {Relative} {Placement}},
	isbn = {978-1-4503-1084-0},
	booktitle = {Proceedings of the {Fifth} {International} {C}* {Conference} on {Computer} {Science} and {Software} {Engineering}},
	publisher = {ACM},
	author = {Valtchanov, V. and Brown, J. A.},
	year = {2012},
	keywords = {evolutionary computation, level generation, procedural content generation}
}

@inproceedings{p1karavolos_mixed-initiative_2015,
	title = {Mixed-{Initiative} {Design} of {Game} {Levels}: {Integrating} {Mission} and {Space} into {Level} {Generation}},
	booktitle = {Proceedings of the 10th {International} {Conference} on the {Foundations} of {Digital} {Games}},
	author = {Karavolos, D. and Bouwer, A. and Bidarra, R.},
	year = {2015}
}

@inproceedings{p1butler2013mixed,
  title={A mixed-initiative tool for designing level progressions in games},
  author={Butler, Eric and Smith, Adam M and Liu, Yun-En and Popovic, Zoran},
  booktitle={Proceedings of the 26th annual ACM symposium on User interface software and technology},
  pages={377--386},
  year={2013},
  organization={ACM}
}

@article{p1tecuci2007seven,
  title={Seven aspects of mixed-initiative reasoning: An introduction to this special issue on mixed-initiative assistants},
  author={Tecuci, Gheorghe and Boicu, Mihai and Cox, Michael T},
  journal={AI Magazine},
  volume={28},
  number={2},
  pages={11},
  year={2007}
}

@article{p1Mixed1999, 
author={J. E. Allen and C. I. Guinn and E. Horvtz}, 
journal={IEEE Intelligent Systems and their Applications}, 
title={Mixed-initiative interaction}, 
year={1999}, 
volume={14}, 
number={5}, 
pages={14-23}, 
keywords={belief networks;inference mechanisms;knowledge based systems;man-machine systems;software agents;uncertainty handling;user interfaces;Bayesian reasoning;dialog issues;metrics;mixed-initiative interaction;mixed-initiative planning;semi-automated assistance;test sets;uncertainty;Collaboration;Distributed control;Humans;Intelligent systems;Machine intelligence}, 
doi={10.1109/5254.796083}, 
ISSN={1094-7167}, 
month={Sep},}

@inproceedings{p1TogeliusTracks2007, 
author={J. Togelius and R. De Nardi and S. M. Lucas}, 
booktitle={2007 IEEE Symposium on Computational Intelligence and Games}, 
title={Towards automatic personalised content creation for racing games}, 
year={2007}, 
pages={252-259}, 
keywords={computer games;entertainment;evolutionary computation;automatic personalised content creation;car racing game;entertainment metrics;entertainment value;evolvable track representation;multiobjective evolutionary algorithm;player driving styles;player modelling;racing tracks;Competitive intelligence;Computational intelligence;Computational modeling;Computer science;Evolutionary computation;Humans;Neural networks;Optimal control;Taxonomy;Technological innovation;Car racing;content creation;entertainment metrics;evolution;player modelling}, 
ISSN={2325-4270}, 
month={April},}

@inproceedings{p1shaker2013ropossum,
  title={Ropossum: An Authoring Tool for Designing, Optimizing and Solving Cut the Rope Levels.},
  author={Shaker, Noor and Shaker, Mohammad and Togelius, Julian},
  booktitle={AIIDE},
  year={2013}
}

@inproceedings{p1togelius_multiobjective_2010,
	title = {Multiobjective exploration of the {StarCraft} map space},
	booktitle = {Proceedings of the 2010 {IEEE} {Conference} on {Computational} {Intelligence} and {Games}},
	author = {Togelius, J. and Preuss, M. and Beume, N. and Wessing, S. and Hagelbäck, J. and Yannakakis, G. N.},
	month = aug,
	year = {2010},
	keywords = {approximation theory, computer games, evolutionary computation, evolutionary multiobjective optimization, evolutionary search, fitness function, Fractals, games, human map designer, Humans, machine assisted map generation, Minerals, multiobjective evolutionary algorithm, Pareto front approximation, Pareto optimisation, predicted entertainment value, procedural content generation, real-time strategy game, Real-time strategy games, real-time systems, Real time systems, RTS, search problems, StarCraft map space, terrain mapping, Visualization},
	pages = {265--272}
}

@article{p1lubart_how_2005,
	title = {How can computers be partners in the creative process: {Classification} and commentary on the {Special} {Issue}},
	volume = {63},
	issn = {1071-5819},
	number = {4–5},
	journal = {International Journal of Human-Computer Studies},
	author = {Lubart, T.},
	year = {2005},
	note = {Computer support for creativityComputer support for creativity},
	keywords = {Human–computer interaction},
	pages = {365 -- 369}
}

@article{p1smelik_declarative_2011,
	title = {A {Declarative} {Approach} to {Procedural} {Modeling} of {Virtual} {Worlds}},
	volume = {35},
	journal = {Computer \& Graphics},
	author = {Smelik, R. M. and Tutenel, T. and de Kraker, K. J. and Bidarra, R.},
	year = {2011},
	pages = {352--363}
}

@misc{p1miyamoto_legend_1986,
	title = {The {Legend} of {Zelda}},
	publisher = {Nintendo},
	author = {{Nintendo Research \& Development 4}},
	year = {1986}
}

@misc{p1dormansUnexplored2017,
	title = {Unexplored},
	author = {Joris Dormans},
	year = {2017}
}

@misc{p1crooks_enter_2016,
	title = {Enter the {Gungeon}},
	publisher = {Dodge Roll},
	author = {Crooks, D.},
	year = {2016}
}

@inproceedings{p1yannakakis_mixed-initiative_2014,
	title = {Mixed-{Initiative} {Co}-{Creativity}},
	booktitle = {Proceedings of the 9th {Conference} on the {Foundations} of {Digital} {Games}},
	author = {Yannakakis, G. N. and Liapis, A. and Alexopoulos, C.},
	year = {2014}
}

@inproceedings{p1horn_comparative_2014,
	title = {A {Comparative} {Evaluation} of {Procedural} {Level} {Generators} in the {Mario} {AI} {Framework}},
	booktitle = {Proceedings of the 9th {International} {Conference} on the {Foundations} of {Digital} {Games}},
	author = {Horn, B. and Dahlskog, S. and Shaker, N. and Smith, G. and Togelius, J.},
	year = {2014}
}

@article{p1togelius_search-based_2011,
	title = {Search-{Based} {Procedural} {Content} {Generation}: {A} {Taxonomy} and {Survey}},
	volume = {3},
	issn = {1943-068X},
	number = {3},
	journal = {IEEE Transactions on Computational Intelligence and AI in Games},
	author = {Togelius, J. and Yannakakis, G. N. and Stanley, K. O. and Browne, C.},
	month = sep,
	year = {2011},
	keywords = {Algorithm design and analysis, Buildings, computer graphics, design automation, Encoding, evolutionary algorithm, evolutionary computation, games, genetic algorithms, metaheuristic search algorithm, Optimization, search-based procedural content generation, search problems, Weapons},
	pages = {172--186}
}

@article{p1browne_evolutionary_2010,
	title = {Evolutionary {Game} {Design}},
	volume = {2},
	issn = {1943-068X},
	number = {1},
	journal = {IEEE Transactions on Computational Intelligence and AI in Games},
	author = {Browne, C. and Maire, F.},
	month = mar,
	year = {2010},
	keywords = {Aesthetics, artificial intelligence (AI), combinatorial game, combinatorial mathematics, evolutionary computation, evolutionary game design, evolutionary search, game design, game quality concept, games of skill, game theory, general game system, high quality games, Ludi system, publishable games, self play simulation},
	pages = {1--16}
}

@incollection{p1ashlock_representations_2016,
	title = {Representations for search-based methods},
	booktitle = {Procedural {Content} {Generation} in {Games}: {A} {Textbook} and an {Overview} of {Current} {Research}},
	publisher = {Springer},
	author = {Ashlock, D. and Risi, S. and Togelius, J.},
	editor = {Shaker, N. and Togelius, J. and Nelson, M. J.},
	year = {2016},
	pages = {159--179}
}

@article{p1lehman_abandoning_2011,
	title = {Abandoning {Objectives}: {Evolution} {Through} the {Search} for {Novelty} {Alone}},
	volume = {19},
	issn = {1063-6560},
	number = {2},
	journal = {Evol. Comput.},
	author = {Lehman, Joel and Stanley, Kenneth O.},
	month = jun,
	year = {2011},
	keywords = {deception, Evolutionary algorithms, neuroevolution, novelty search, open-ended evolution},
	pages = {189--223}
}

@inproceedings{p1dahlskog_patterns_2015,
	title = {Patterns, {Dungeons} and {Generators}},
	booktitle = {Proceedings of the 10th {International} {Conference} on the {Foundations} of {Digital} {Games}},
	author = {Dahlskog, S. and Björk, S. and Togelius, J.},
	year = {2015}
}

@inproceedings{p1dahlskog_multi-level_2014,
	title = {A multi-level level generator},
	booktitle = {2014 {IEEE} {Conference} on {Computational} {Intelligence} and {Games}},
	author = {Dahlskog, S. and Togelius, J.},
	month = aug,
	year = {2014},
	keywords = {abstraction levels, computer games, level design, Linearity, macropattern, mesopattern, micropattern, multilevel level generator, pattern-based level generation, procedural content generation, search-based PCG approach, Super Mario Bros levels}
}

@misc{p1zelda_2001,
	title = {The Legend of Zelda: Oracle of Seasons},
	publisher = {Nintendo},
	author = {Fujibayashi, H.},
	year = {2001}
}

@misc{p1aprocedural2014,
	title = {Rooms and Mazes: A Procedural Dungeon Generator. http://journal.stuffwithstuff.com/2014/12/21/rooms-and-mazes/},
	author = {Nystrom, B.},
	year = {2014}
}

@book{p1bjork_patterns_2005,
	title = {Patterns in {Game} {Design}},
	publisher = {Charles River Media},
	author = {Björk, S. and Holopainen, J.},
	year = {2005}
}

@incollection{p1font_constrained_2016,
	address = {Cham},
	title = {Constrained {Level} {Generation} {Through} {Grammar}-{Based} {Evolutionary} {Algorithms}},
	isbn = {978-3-319-31204-0},
	booktitle = {Applications of {Evolutionary} {Computation}: 19th {European} {Conference}, {EvoApplications} 2016, {Porto}, {Portugal}, {March} 30 – {April} 1, 2016, {Proceedings}, {Part} {I}},
	publisher = {Springer International Publishing},
	author = {Font, J. M. and Izquierdo, R. and Manrique, D. and Togelius, J.},
	editor = {Squillero, G. and Burelli, P.},
	year = {2016},
	pages = {558--573}
}

@book{p1schell2014art,
  title={The Art of Game Design: A book of lenses},
  author={Schell, Jesse},
  year={2014},
  publisher={AK Peters/CRC Press}
}

@inproceedings{p1Doherty2005-ji,
  title     = "Mixed-initiative in computer games: Algorithmic content creation
               in open-ended worlds",
  booktitle = "{AAAI} Fall Symposium on {Mixed-Initiative} {Problem-Solving}
               Assistants",
  author    = "Doherty, Liam and Whitney, Max and Shakya, Jurika and Jordanov,
               Mayo and Lougheed, Patrick and Brokenshire, David and Rao,
               Shilpi and Menon, Samir and Kumar, Vive",
  abstract  = "We provide a general definition of mixed-initiative for
               application to the area of computer games. This definition is
               used to provide a survey of the ways in which mixedinitiative
               has been applied to games up to this point, and where and how
               mixed-initiative could be applied to improve the quality of
               games in the future. The need for algorithmic content creation
               though mixed-initiative interactions is demonstrated, and the
               application of mixed-initiative interactions to the challenge of
               developing realistic interactions with computer-controlled …",
  publisher = "aaai.org",
  pages     = "46--56",
  year      =  2005
}


@inproceedings{p1liapis_designer_2014,
	title = {Designer {Modeling} for {Sentient} {Sketchbook}},
	booktitle = {Proceedings of the {IEEE} {Conference} on {Computational} {Intelligence} and {Games}},
	author = {Liapis, A. and Yannakakis, G. N. and Togelius, J.},
	year = {2014}
}

@inproceedings{p1liapis_sentient_2013,
	title = {Sentient {Sketchbook}: {Computer}-{Aided} {Game} {Level} {Authoring}},
	booktitle = {Proceedings of the 8th {Conference} on the {Foundations} of {Digital} {Games}},
	author = {Liapis, A. and Yannakakis, G. N. and Togelius, J.},
	year = {2013}
}

@inproceedings{p1liapis_generating_2013,
	title = {Generating {Map} {Sketches} for {Strategy} {Games}},
	volume = {7835, LNCS},
	booktitle = {Proceedings of {Applications} of {Evolutionary} {Computation}},
	publisher = {Springer},
	author = {Liapis, A. and Yannakakis, G. N. and Togelius, J.},
	year = {2013}
}

@misc{p1brevik_diablo_1996,
	title = {Diablo},
	publisher = {{Blizzard Entertainment}}, 
	author = {{Blizzard North}},
	year = {1996}
}

@misc{p1braben_elite_1984,
	title = {Elite},
	publisher = {Acornsoft},
	author = {Braben, D. and Bell, I.},
	year = {1984}
}

@misc{p1michael_toy_1980,
	title = {Rogue},
	publisher = {Epyx},
	author = {Toy, M.},
	year = {1980}
}

@inproceedings{p1shaker2012evolving,
  title={Evolving Personalized Content for Super Mario Bros Using Grammatical Evolution.},
  author={Shaker, N. and Yannakakis, G. N. and Togelius, J. and Nicolau, M. and O'neill, M.},
  booktitle={AIIDE},
  year={2012}
}

@book{p1alexander_pattern_1977,
	address = {New York},
	title = {A {Pattern} {Language}: {Towns}, {Buildings}, {Construction}},
	publisher = {Oxford University Press},
	author = {Alexander, C. and Ishikawa, S. and Silverstein, M.},
	year = {1977}
}

@inproceedings{p1mawhorter_procedural_2010,
	title = {Procedural level generation using occupancy-regulated extension},
	booktitle = {Proceedings of the 2010 {IEEE} {Conference} on {Computational} {Intelligence} and {Games}},
	author = {Mawhorter, P. and Mateas, M.},
	month = aug,
	year = {2010},
	keywords = {2D platformer games, AI, Algorithm design and analysis, artificial intelligence, cognitive systems, cognitive task, computational geometry, computer games, Context, design space, games, Generators, Geometry, geometry assembly algorithm, human creativity, human game designer, Libraries, occupancy-regulated extension, procedural level generation, Sprites (computer)},
	pages = {351--358}
}

@article{p1kimbrough_feasibleinfeasible_2008,
	title = {On a {Feasible}–{Infeasible} {Two}-{Population} ({FI}-2Pop) genetic algorithm for constrained optimization: {Distance} tracing and no free lunch},
	volume = {190},
	issn = {0377-2217},
	number = {2},
	journal = {European Journal of Operational Research},
	author = {Kimbrough, S. O. and Koehler, G. J. and Lu, M. and Wood, D. H.},
	year = {2008},
	keywords = {No free lunch},
	pages = {310 -- 327}
}

@article{p1smith_answer_2011,
	title = {Answer {Set} {Programming} for {Procedural} {Content} {Generation}: {A} {Design} {Space} {Approach}},
	volume = {3},
	issn = {1943-068X},
	number = {3},
	journal = {IEEE Transactions on Computational Intelligence and AI in Games},
	author = {Smith, A. M. and Mateas, M.},
	month = sep,
	year = {2011},
	keywords = {Aerospace electronics, Algorithm design and analysis, answer set programming, Concrete, constraint programming, domain-independent procedure, game content domains, game context, game design, games, generative-content design problems, Generators, latent design space, logic programming, procedural content generation, procedural content generator, Programming, reference evolutionary content generator, Syntactics},
	pages = {187--200}
}

@inproceedings{p1nielsen_mathematical_1993,
	address = {New York, NY, USA},
	title = {A {Mathematical} {Model} of the {Finding} of {Usability} {Problems}},
	isbn = {0-89791-575-5},
	booktitle = {Proceedings of the {INTERACT} '93 and {CHI} '93 {Conference} on {Human} {Factors} in {Computing} {Systems}},
	publisher = {ACM},
	author = {Nielsen, J. and Landauer, T. K.},
	year = {1993},
	keywords = {cost-benefit analysis, heuristic evaluation, iterative design, Poisson models, usability engineering, usability problems, user testing}
}

@article{p1hevner_design_2004,
	title = {Design {Science} in {Information} {Systems} {Research}},
	volume = {28},
	issn = {0276-7783},
	number = {1},
	journal = {MIS Q.},
	author = {Hevner, A. R. and March, S. T. and Park, J. and Ram, S.},
	month = mar,
	year = {2004},
	keywords = {business environment, creativity, design artifact, design science, experimental methods, information systems research methodologies, search strategies, technology infrastructure},
	pages = {75--105}
}

@inproceedings{p1liapis_neuroevolutionary_2011,
	title = {Neuroevolutionary constrained optimization for content creation},
	booktitle = {2011 {IEEE} {Conference} on {Computational} {Intelligence} and {Games}},
	author = {Liapis, A. and Yannakakis, G. N. and Togelius, J.},
	month = aug,
	year = {2011},
	keywords = {aerospace computing, compositional pattern-producing networks, computer games, constraint-based evolutionary algorithm, constraint-based procedural content generation framework, constraint satisfaction approach, content creation, CPPN, evolutionary computation, game physics, games, genetic algorithms, hull shape, military vehicles, neuroevolutionary constrained optimization, optimisation, Optimization, PCG, Physics, Shape, spaceship attributes, spaceship design, space vehicles, steering strategies, thruster types, Topology, Weapons, weapon types}
}

@inproceedings{p1van_der_linden_designing_2013,
	title = {Designing procedurally generated levels},
	booktitle = {Proceedings of the 2nd {AIIDE} {Workshop} on {Artificial} {Intelligence} in the {Game} {Design} {Process}},
	author = {van der Linden, R. and Lopes, R. and Bidarra, R.},
	year = {2013}
}

@book{p1preece_interaction_2015,
	edition = {4 Rev ed},
	title = {Interaction {Design}},
	isbn = {978-1-119-02075-2},
	publisher = {Wiley},
	author = {Preece, J. and Sharp, H. and Rogers, Y.},
	year = {2015}
}

@misc{p1nesmith_elder_2011,
	title = {The {Elder} {Scrolls} {V}: {Skyrim}},
	publisher = {Bethesda Game Studios},
	author = {Nesmith, Bruce and Kuhlmann, Kurt and Pagliarulo, Emil},
	year = {2011}
}

@inproceedings{p1dahlskog_patterns_2012,
	address = {New York, NY, USA},
	title = {Patterns and {Procedural} {Content} {Generation}: {Revisiting} {Mario} in {World} 1 {Level} 1},
	isbn = {978-1-4503-1854-9},
	booktitle = {Proceedings of the {First} {Workshop} on {Design} {Patterns} in {Games}},
	publisher = {ACM},
	author = {Dahlskog, S. and Togelius, J.},
	year = {2012},
	keywords = {design, patterns, platform games, procedural content generation, Super Mario Bros}
}

@inproceedings{p1liapis_map_2015,
	title = {Map {Sketch} {Generation} as a {Service}},
	booktitle = {Proceedings of the {AIIDE} workshop on {Experimental} {AI} in {Games}},
	author = {Liapis, A.},
	year = {2015}
}

@book{p1dahlskog_patterns_2016,
	address = {Malmö},
	series = {Studies in {Computer} {Science}},
	title = {Patterns and Procedural Content Generation in Digital Games: Automatic Level Generation for Digital Games Using
Game Design Patterns},
	isbn = {978-91-7104-684-0},
	url = {http://hdl.handle.net/2043/20371},
	language = {eng},
	number = {2},
	publisher = {Malmö university, Faculty of Technology and Society},
	author = {Dahlskog, S.},
	year = {2016}
}

@inproceedings{p1dahlskog_patterns_2013,
	title = {Patterns as {Objectives} for {Level} {Generation}},
	booktitle = {Proceedings of the {Second} {Workshop} on {Design} {Patterns} in {Games}},
	author = {Dahlskog, S. and Togelius, J.},
	year = {2013}
}

@inproceedings{p1hartsook_toward_2011,
	title = {{Toward Supporting Stories with Procedurally Generated Game
Worlds}},
	booktitle = {2011 {IEEE} {Conference} on {Computational} {Intelligence} and {Games}},
	author = {Hartsook, K. and Zook, A. and Das, S. and Riedl, M. O.},
	year = {2011},
	keywords = {Bridges, computer games, Computers, game forge, games, games engage players, game world generation, genetic algorithms, Layout, open ended game play, rendering, rendering (computer graphics), search based optimization, story generation systems, Tiles, Vegetation, virtual reality}
}

@article{p1sorenson_generic_2011,
	title = {A {Generic} {Approach} to {Challenge} {Modeling} for the {Procedural} {Creation} of {Video} {Game} {Levels}},
	volume = {3},
	issn = {1943-068X},
	number = {3},
	journal = {IEEE Transactions on Computational Intelligence and AI in Games},
	author = {Sorenson, N. and Pasquier, P. and DiPaola, S.},
	month = sep,
	year = {2011},
	keywords = {Arrays, automatic video game level design, Challenge modeling, Computational modeling, constraint handling, constraint satisfaction methods, create levels, entertainment, entertainment value, evolutionary computing, fun, games, games of skill, generative system, genetic algorithms, Genetics, Humans, player enjoyment, player skill, procedural content creation, procedural creation, video games, Weapons},
	pages = {229--244}
}

@inproceedings{p1hullett_design_2010,
	address = {New York, NY, USA},
	title = {Design {Patterns} in {FPS} {Levels}},
	isbn = {978-1-60558-937-4},
	booktitle = {Proceedings of the {Fifth} {International} {Conference} on the {Foundations} of {Digital} {Games}},
	publisher = {ACM},
	author = {Hullett, K. and Whitehead, J.},
	year = {2010},
	keywords = {design patterns, game design, level design}
}

@article{p1van_der_linden_procedural_2014,
	title = {Procedural {Generation} of {Dungeons}},
	volume = {6},
	issn = {1943-068X},
	number = {1},
	journal = {IEEE Transactions on Computational Intelligence and AI in Games},
	author = {van der Linden, R. and Lopes, R. and Bidarra, R.},
	month = mar,
	year = {2014},
	keywords = {Abstracts, adventure games, Aerospace electronics, Automata, computer games, dungeon-geometric models, dungeon-level generation, dungeons game, game development, game elements, gameplay-related criteria, Gameplay semantics, games, game spaces, Geometry, mainstream game development, PCG techniques, procedural content generation, procedural content generation techniques, procedural level generation, Process control, Rocks, role playing games},
	pages = {78--89}
}

@inproceedings{p1hastings_evolving_2009,
	title = {Evolving content in the {Galactic} {Arms} {Race} video game},
	booktitle = {2009 {IEEE} {Symposium} on {Computational} {Intelligence} and {Games}},
	author = {Hastings, E. J. and Guha, R. K. and Stanley, K. O.},
	month = sep,
	year = {2009},
	keywords = {Arm, Artificial neural networks, augmenting topologies algorithm, computer games, content-generating neuroevolution, Costs, evolutionary computation, galactic arms race video game, games, human computer interaction, Machine learning, Marine vehicles, particle system weapons, Streaming media, Topology, video signal processing, Weapons}
}

@inproceedings{p1liapis_enhancements_2013,
	title = {Enhancements to {Constrained} {Novelty} {Search}: {Two}-{Population} {Novelty} {Search} for {Generating} {Game} {Content}},
	booktitle = {Proceedings of {Genetic} and {Evolutionary} {Computation} {Conference}},
	author = {Liapis, A. and Yannakakis, G. N. and Togelius, J.},
	year = {2013}
}

@inproceedings{p1liapis_towards_2013,
	title = {Towards a {Generic} {Method} of {Evaluating} {Game} {Levels}},
	booktitle = {Proceedings of the {AAAI} {Artificial} {Intelligence} for {Interactive} {Digital} {Entertainment} {Conference}},
	author = {Liapis, A. and Yannakakis, G. N. and Togelius, J.},
	year = {2013}
}

@inproceedings{p1smith_analyzing_2010,
	address = {New York, NY, USA},
	title = {Analyzing the {Expressive} {Range} of a {Level} {Generator}},
	isbn = {978-1-4503-0023-0},
	booktitle = {Proceedings of the 2010 {Workshop} on {Procedural} {Content} {Generation} in {Games}},
	publisher = {ACM},
	author = {Smith, G. and Whitehead, J.},
	year = {2010},
	keywords = {evaluation methods, expressive range, procedural level generation}
}

@misc{p1mcmillen_binding_2011,
	title = {The {Binding} of {Isaac}},
	author = {McMillen, E. and Himsl, F.},
	year = {2011}
}

@inproceedings{p1dormans_adventures_2010,
	address = {New York, NY, USA},
	title = {Adventures in {Level} {Design}: {Generating} {Missions} and {Spaces} for {Action} {Adventure} {Games}},
	isbn = {978-1-4503-0023-0},
	booktitle = {Proceedings of the 2010 {Workshop} on {Procedural} {Content} {Generation} in {Games}},
	publisher = {ACM},
	author = {Dormans, J.},
	year = {2010},
	keywords = {action adventure games, level design, procedural generation}
}

@misc{p1wild_card_games_dwarf_2013,
	title = {Dwarf {Quest}},
	url = {http://www.dwarfquestgame.com/},
	publisher = {Wild Card Games},
	author = {Wild Card Games},
	year = {2013}
}

@article{p1snodgrass_learning_2016,
	title = {Learning to {Generate} {Video} {Game} {Maps} {Using} {Markov} {Models}},
	volume = {PP},
	issn = {1943-068X},
	number = {99},
	journal = {IEEE Transactions on Computational Intelligence and AI in Games},
	author = {Snodgrass, S. and Ontanon, S.},
	year = {2016},
	keywords = {Algorithm design and analysis, Computational modeling, Data models, games, Loderunner, Markov Models, Markov processes, procedural content generation, Super Mario Bros, Training, Training data}
}

@book{p1oates_researching_2006,
	title = {Researching {Information} {Systems} and {Computing}},
	isbn = {1-4129-0223-1},
	publisher = {Sage Publications Ltd.},
	author = {Oates, B. J},
	year = {2006}
}

@incollection{p1aarseth_allegories_2000,
	title = {Allegories of {Space}: {The} {Question} of {Spatiality} in {Computer} {Games}},
	booktitle = {Cybertext {Yearbook} 2000},
	publisher = {University of Jyväskylä},
	author = {Aarseth, E.},
	editor = {Eskelinen, M. and Koskimaa, R.},
	year = {2000}
}

@inproceedings{p1liapis_refining_2015,
	title = {Refining the {Paradigm} of {Sketching} in {AI}-{Based} {Level} {Design}},
	booktitle = {Proceedings of the {AAAI} {Conference} on {Artificial} {Intelligence} for {Interactive} {Digital} {Entertainment}},
	author = {Liapis, A. and Yannakakis, G. N.},
	year = {2015}
}

@inproceedings{p1karavolos_evolving_2016,
	title = {Evolving {Missions} to {Create} {Game} {Spaces}},
	booktitle = {Proceedings of the {IEEE} {Conference} on {Computational} {Intelligence} and {Games}},
	author = {Karavolos, D and Liapis, A. and Yannakakis, G. N.},
	year = {2016}
}

@inproceedings{p1ventura_2016,
	title = {Beyond Computational Intelligence to
Computational Creativity in Games},
	booktitle = {Proceedings of the {IEEE} {Conference} on {Computational} {Intelligence} and {Games}},
	author = {Ventura, D.},
	year = {2016}
}

@book{p1yannakakis2018artificial,
    title={{Artificial Intelligence and Games}},
    author={Georgios N. Yannakakis and Julian Togelius},
    publisher={Springer},
    note={\url{http://gameaibook.org}},
    year={2018}
}

@article{p1Tanagra2011, 
author={G. Smith and J. Whitehead and M. Mateas}, 
journal={IEEE Transactions on Computational Intelligence and AI in Games}, 
title={Tanagra: Reactive Planning and Constraint Solving for Mixed-Initiative Level Design}, 
year={2011}, 
volume={3}, 
number={3}, 
pages={201-215}, 
keywords={computational geometry;computer games;constraint handling;human computer interaction;software tools;2D platformer;Tanagra;augmented design;human computer interaction;level geometry;mixed-initiative level design tool;numerical constraint solving;reactive level generator;reactive planning;Computers;Games;Generators;Geometry;Human factors;Planning;Augmented design;constraint programming;games;level design;mixed initiative;procedural content generation;reactive planning},  
ISSN={1943-068X}, 
month={Sept}}

@inproceedings{p1DeterdingMixedInitiativeWorkshop,
 author = {Deterding, Sebastian and Hook, Jonathan and Fiebrink, Rebecca and Gillies, Marco and Gow, Jeremy and Akten, Memo and Smith, Gillian and Liapis, Antonios and Compton, Kate},
 title = {Mixed-Initiative Creative Interfaces},
 booktitle = {Proceedings of the 2017 CHI Conference Extended Abstracts on Human Factors in Computing Systems},
 series = {CHI EA '17},
 year = {2017},
 isbn = {978-1-4503-4656-6},
 location = {Denver, Colorado, USA},
 pages = {628--635},
 numpages = {8},
 doi = {10.1145/3027063.3027072},
 acmid = {3027072},
 publisher = {ACM},
 address = {New York, NY, USA},
 keywords = {artificial intelligence, computational creativity, computer-aided design, creativity support tools, interactive machine learning, mixed-initiative interaction},
} 


@article{p1march_design_1995,
	title = {Design and natural science research on information technology},
	volume = {15},
	issn = {0167-9236},
	number = {4},
	journal = {Decision Support Systems},
	author = {March, S. T. and Smith, G. F.},
	year = {1995},
	keywords = {Information technology},
	pages = {251 -- 266}
}

@book{p1shaker_procedural_2016,
	title = {Procedural {Content} {Generation} in {Games}: {A} {Textbook} and an {Overview} of {Current} {Research}},
	publisher = {Springer},
	author = {Shaker, N. and Togelius, J. and Nelson, M. J.},
	year = {2016}
}

@inproceedings{p1ferreira_search-based_2014,
	title = {A search-based approach for generating {Angry} {Birds} levels},
	booktitle = {2014 {IEEE} {Conference} on {Computational} {Intelligence} and {Games}},
	author = {Ferreira, L. and Toledo, C.},
	month = aug,
	year = {2014},
	keywords = {Angry Birds game level generation, Birds, Cloning, computer games, game clone, games, genetic algorithm, genetic algorithms, PCG methods, procedural content generation methods, search-based approach, search problems, Sociology, Statistics, XML}
}

@incollection{p1dahlskog_procedural_2014,
	address = {Berlin, Heidelberg},
	title = {Procedural {Content} {Generation} {Using} {Patterns} as {Objectives}},
	isbn = {978-3-662-45523-4},
	booktitle = {Applications of {Evolutionary} {Computation}: 17th {European} {Conference}, {EvoApplications} 2014, {Granada}, {Spain}, {April} 23-25, 2014, {Revised} {Selected} {Papers}},
	publisher = {Springer Berlin Heidelberg},
	author = {Dahlskog, S and Togelius, J.},
	editor = {Esparcia-Alcázar, A. I. and Mora, A. M.},
	year = {2014}
}

@misc{p1p1gyrax_dungeons_1974,
	title = {Dungeons \& {Dragons}},
	author = {Gyrax, G. and Arneson, D.},
	year = {1974}
}

@inproceedings{p1p1preuss_searching_2014,
	title = {Searching for {Good} and {Diverse} {Game} {Levels}},
	booktitle = {Proceedings of the {IEEE} {Conference} on {Computational} {Intelligence} and {Games}},
	author = {Preuss, M. and Liapis, A. and Togelius, J.},
	year = {2014}
}

@article{p1liapis_constrained_2015,
	title = {Constrained {Novelty} {Search}: {A} {Study} on {Game} {Content} {Generation}},
	volume = {23},
	number = {1},
	journal = {Evolutionary Computation},
	author = {Liapis, A. and Yannakakis, G. N. and Togelius, J.},
	year = {2015},
	pages = {101--129}
}

@inproceedings{p1johnson_cellular_2010,
	address = {New York, NY, USA},
	title = {Cellular {Automata} for {Real}-time {Generation} of {Infinite} {Cave} {Levels}},
	isbn = {978-1-4503-0023-0},
	booktitle = {Proceedings of the 2010 {Workshop} on {Procedural} {Content} {Generation} in {Games}},
	publisher = {ACM},
	author = {Johnson, L. and Yannakakis, G. N. and Togelius, J.},
	year = {2010}
}

@inproceedings{p1jordanous_evaluating_2011,
	title = {Evaluating {Evaluation}: {Assessing} {Progress} in {Computational} {Creativity} {Research}},
	booktitle = {Proceedings of the {Second} {International} {Conference} on {Computational} {Creativity}},
	author = {Jordanous, A.},
	year = {2011}
}

@inproceedings{p1pantaleev_search_2012,
	title = {In {Search} of {Patterns}: {Disrupting} {RPG} {Classes} through {Procedural} {Content} {Generation}},
	booktitle = {Proceedings of the 2012 {Workshop} on {Procedural} {Content} {Generation} in {Games}},
	author = {Pantaleev, A.},
	year = {2012}
}

